2916 5010
583 520 680 574 Liber
700 522 736 574 ll.
847 568 849 573 .
1150 524 1208 587 111

104 692 268 757 materiam
290 692 354 758 eius
377 693 565 757 comminuat
586 697 676 774 atque
692 695 761 758 urat
776 694 901 772 tectum,
924 693 1081 775 parietem,
1105 693 1210 760 ianuas

102 796 264 877 partesque
285 796 360 861 alias
384 797 481 878 operis
514 798 642 862 renudet
678 797 790 862 deiciat
816 797 958 881 adfligat,
988 799 1122 862 nesciens
1154 798 1210 890 hoc

102 896 183 964 iacto
206 900 234 963 ei
256 900 305 964 cui
333 899 473 964 uideatur
501 899 618 965 officere
646 901 712 966 deri
735 902 772 965 ab
796 919 828 965 sa
850 900 950 965 lucem
978 901 1015 964 ct
1030 901 1211 966 sceleratam
1308 897 1312 902 ’

103 1003 181 1084 eripi
210 1003 406 1068 caecitatem:
440 1002 547 1066 itidem
582 1005 614 1068 et
647 1022 699 1067 uos
732 1002 864 1067 fiammis
898 1003 996 1068 exiliis
1029 1003 1213 1068 cruciatibus
1261 1049 1264 1060 ,

77 1106 213 1184 thalule,
237 1106 347 1188 quibus
370 1123 494 1189 corpore
507 1106 671 1171 lancinatis
690 1109 719 1170 et
735 1107 885 1171 diuexatis
902 1107 1013 1184 nostra,
1036 1125 1096 1170 nou
1112 1106 1211 1170 uitam

104 1209 223 1290 eripitis
245 1209 347 1287 nobis,
377 1211 428 1274 sed
450 1209 603 1291 pelliculis
632 1210 777 1274 releuetis
804 1207 808 1291 Ι
835 1211 865 1274 et
888 1209 1010 1274 cutibus
1032 1228 1085 1274 nos
1107 1209 1209 1286 nescii,
1222 1223 1239 1274 f.
1249 1225 1283 1274 ea

102 1315 135 1377 et
157 1312 270 1394 quanto
292 1313 417 1377 instatis
439 1313 471 1376 et
491 1313 619 1395 pergitis
641 1313 672 1377 in
695 1312 810 1396 effigies
832 1313 888 1377 has
903 1315 1024 1377 nostras
1039 1311 1210 1394 speciesque

102 1416 235 1493 saeuire,
260 1415 347 1479 tanto
375 1416 451 1480 artis
479 1417 510 1480 et
532 1416 677 1500 grauibus
704 1416 850 1480 releuetis
878 1434 932 1480 nos
959 1415 1090 1480 uinculis
1119 1416 1150 1479 et
1172 1415 1210 1479 ad

100 1516 207 1581 lumen
230 1517 351 1582 efficitis
367 1517 553 1583 circumcisis
567 1518 692 1582 nexibus
709 1518 836 1583 cuolare.
861 1537 962 1600 quare,
977 1518 1124 1595 hominos,
1141 1517 1210 1582 abs·
1220 1523 1259 1586 78

60 1645 93 1685 ιο
102 1620 198 1684 tinete
221 1621 454 1702 quaestionibus
467 1621 572 1685 uacuis
593 1621 740 1702 impedire
760 1639 827 1703 spes
848 1624 975 1700 uestras,
998 1639 1053 1685 nec
1073 1621 1099 1685 si
1121 1619 1210 1684 aliter

102 1742 196 1804 quam
217 1740 272 1786 nos
293 1723 410 1804 putetis
433 1723 550 1805 aliquid
572 1742 603 1788 se
626 1723 730 1801 habet,
761 1724 872 1788 uestris
894 1725 996 1804 potius
1019 1723 1211 1804 opinionibus

102 1823 222 1890 credere
249 1845 341 1908 quam
364 1826 406 1891 rei
435 1826 551 1891 debetis
579 1827 736 1910 augustae.
769 1830 880 1910 urgent
907 1829 1046 1909 tempora
1066 1827 1210 1910 periculis

100 1928 191 2009 plena
205 1931 235 1990 et
251 1928 420 1992 exitiabiles
435 1929 598 1993 imminent
612 1947 738 2010 poenae:
763 1929 975 2012 confugiamus
990 1929 1028 1992 ed
1044 1927 1210 1993 salutarem

102 2033 193 2094 deum
225 2049 279 2094 nec
306 2030 456 2095 rationem
488 2031 624 2095 muneris
657 2030 815 2115 exigamus
844 2031 950 2096 oblati.
983 2050 1053 2095 cum
1081 2031 1117 2096 de
1146 2031 1211 2094 ani·
1240 2089 1243 2098 a

64 2153 223 2196 ramerum
251 2136 361 2216 agetur
388 2134 486 2198 salute
514 2153 548 2197 ac
578 2133 614 2197 de
640 2135 778 2216 respectu
808 2134 925 2214 nostri,v
952 2133 1070 2216 aliquid
1092 2135 1122 2197 et
1144 2133 1211 2196 sine

101 2237 219 2301 ratione
242 2237 413 2304 faciendum
437 2240 492 2317 est,
517 2240 551 2301 ut
566 2237 743 2318 Epictetum
764 2238 874 2302 dixisse
889 2237 1038 2319 adprobat
1052 2236 1209 2301 Arrianus.

102 2340 293 2419 dubitamus,
333 2340 517 2424 ambigimus
548 2359 602 2405 nec
635 2359 700 2404 esse
733 2341 812 2421 quod
846 2339 956 2404 dicitur
988 2339 1114 2422 plenum
1138 2337 1210 2402 fidei

102 2444 308 2525 suspicamur:
337 2445 565 2508 committamus
588 2462 641 2507 nos
664 2442 733 2520 deo,
760 2460 815 2507 neo
836 2444 906 2524 plus
934 2442 1015 2524 apud
1036 2459 1089 2505 nos
1112 2440 1211 2504 ualeat

102 2545 301 2611 incredulitas
322 2548 426 2611 nostra
448 2565 539 2628 quem
559 2545 644 2609 illius
660 2545 792 2610 nominis
809 2546 839 2609 et
853 2545 1007 2628 potentiae
1021 2542 1210 2626 magnitude,

63 2669 141 2714 acne
164 2649 237 2713 dum
252 2649 312 2733 ipsi
327 2649 413 2712 nobis
433 2650 611 2732 argumenta
626 2649 832 2729 conquirimus
856 2649 965 2731 quibus
986 2667 1050 2712 esse
1070 2647 1211 2712 uideatur

101 2751 216 2816 falsum
238 2752 270 2817 id
292 2755 371 2833 quod
393 2770 457 2816 esse
479 2751 621 2816 uolumus
647 2753 738 2833 atque
761 2751 928 2816 adnitimur
949 2770 1065 2832 uerum,
1087 2750 1211 2831 obrepat
1310 2762 1315 2773 ·

102 2855 169 2920 dies
192 2858 342 2918 extremus
366 2856 396 2918 et
418 2854 559 2919 inimicae
581 2854 689 2918 mortis
711 2855 896 2938 reperiamur
917 2855 949 2918 in
972 2853 1119 2918 faucibus.

204 3040 237 3093 1s
255 3039 338 3108 sprec.
358 3011 457 3094 feres
477 3039 623 3108 soewergn.

137 3214 153 3264 1
165 3215 251 3264 ectum
263 3211 290 3272 P
301 3226 361 3265 corr
373 3227 387 3264 o
470 3209 592 3264 4itidam
605 3209 675 3264 Sub:
688 3209 785 3264 ididem
797 3211 824 3263 P
907 3209 1020 3266 flammis
1033 3209 1105 3264 Sao.-
1123 3209 1209 3262 flami·

101 3296 144 3350 nis
163 3297 191 3350 P
289 3295 452 3350 bdiuaxatis
472 3296 534 3349 uec:
553 3295 598 3349 diu
616 3295 714 3349 uexatis
732 3297 759 3349 P
775 3295 821 3349 diu
838 3294 938 3348 uexatis
957 3295 1011 3348 Sub
1114 3295 1210 3349 tirole-

102 3381 174 3456 uatis
197 3383 262 3437 Urs.-
286 3381 411 3435 reuelatis
429 3381 457 3434 P
560 3398 607 3434 noe
626 3381 694 3436 Sob:
720 3397 767 3434 uos
785 3381 813 3433 P
915 3397 963 3434 nos
980 3372 1075 3447 nescii,
1099 3381 1135 3450 et]
1154 3396 1210 3445 nos,

102 3467 185 3520 nescii
202 3465 270 3536 quod
286 3466 336 3520 oo
437 3465 599 3534 'lquantum
619 3467 672 3522 Sub
728 3467 912 3520 ‘Stantum
930 3465 985 3520 Sub
1087 3467 1210 3520 releuatis

107 3553 172 3608 Urs:
190 3553 316 3606 resolutis
334 3558 364 3620 <u
376 3567 410 3605 coc
422 3550 450 3618 b)
463 3552 490 3604 P
590 3553 624 3606 10
640 3551 822 3621 questionibus
834 3553 861 3605 P
962 3552 995 3604 14
1012 3552 1127 3605 muneris
1140 3552 1209 3606 Sub:

101 3638 259 3706 numerisP
365 3637 398 3690 15
410 3637 500 3705 agitur
517 3638 569 3692 Ure
675 3637 708 3692 16
725 3636 879 3706 Epithetum
897 3637 952 3692 Sub
969 3652 1032 3692 corr
1048 3639 1142 3691 bc'crr

66 3753 77 3784 .
102 3723 136 3777 19
148 3723 264 3777 numinis
281 3723 331 3778 Urs
425 3722 459 3776 20
471 3723 649 3792 conquirimus
662 3723 730 3777 Sob:
754 3723 930 3792 conquisimus
947 3724 975 3777 P
1083 3723 1116 3778 21
1134 3724 1210 3778 u01n1

101 3825 162 3862 mus
179 3808 290 3876 scripsi.-
312 3807 426 3861 nolimus
445 3810 472 3862 P
493 3810 614 3863 nolumus
633 3809 771 3878 Ripoltius
895 3809 1049 3864 abundemus
1067 3808 1141 3863 Saloe

101 3895 247 3950 adnitimur
263 3911 367 3957 uerum,
384 3891 502 3963 obrepat]
521 3896 690 3958 abnutemus,
708 3911 793 3948 rerum
811 3894 919 3964 obrepat
936 3895 968 3948 K
970 3896 1142 3986 insanandus

101 3997 136 4051 22
157 4011 274 4052 eunoun
296 3979 402 4052 anunm
420 4013 553 4052 santonus
571 3984 625 4052 urs.
644 4013 676 4053 11.
694 3984 755 4052 nus.
774 4013 879 4052 rnorem
897 3983 951 4052 urs.
969 4013 1003 4052 111
