2888 5008
241 458 302 523 180
541 456 683 510 Arnobii
710 456 868 512 aduersus
891 458 1050 512 nationes

240 645 316 710 quae
345 627 456 704 fuerat,
484 644 577 708 quam
600 626 741 691 Valerius
768 625 905 710 pontifen¹
926 627 995 692 Iam
1017 627 1139 693 nomine
1160 625 1257 692 fnisse
1283 645 1360 692 con-

240 731 356 808 scribit,
378 730 542 795 exanimeti
563 730 670 812 pectus
692 730 770 794 lanis
792 729 985 795 mollioribus
1008 730 1102 808 uelat,
1132 732 1186 795 dat
1209 729 1360 794 lacrimas

241 853 310 899 cum
339 832 470 917 Agdesti
499 831 705 914 interficitque
741 850 773 896 se
808 833 921 915 ipsam:
955 834 1158 915 purpurantes
1186 833 1219 896 in
1256 833 1360 898 uiolas

240 955 327 1001 cruor
347 935 479 1001 uertitur
499 935 708 1016 interemptae.
736 936 835 1000 mater
857 933 982 1000 suffodit
1005 935 1125 999 etlam
1148 935 1250 1014 deum,
1275 936 1360 1000 unde

239 1039 418 1123 amygdalus
440 1036 578 1130 nascitur
600 1037 837 1102 amaritudinem
859 1037 1036 1123 significans
1056 1037 1181 1102 funeris.
1215 1041 1292 1102 tunc
1307 1057 1392 1102 ar-s

240 1142 344 1206 boram
375 1141 498 1222 pinum,
526 1140 583 1206 sub
612 1158 673 1222 qua
693 1141 780 1205 Attis
810 1141 934 1206 nomine
956 1141 1143 1224 spoliauerat
1166 1161 1198 1206 se
1220 1142 1301 1223 uiri,
1329 1143 1362 1206 in

240 1245 364 1309 antrum
387 1263 477 1309 suum
500 1243 599 1307 defert
622 1243 653 1307 et
674 1243 799 1308 sociatis
820 1242 996 1326 planctibus
1017 1263 1088 1308 cnm
1102 1245 1234 1328 Agdesti
1249 1245 1362 1309 tundit

240 1350 270 1412 et
292 1347 410 1413 sauciat
432 1347 538 1428 pectus
560 1347 705 1427 pausatae
727 1331 843 1412 circum
865 1347 982 1412 arboris
1008 1348 1109 1412 robur.
1143 1347 1286 1432 Iuppiter
1309 1369 1362 1414 ro·

240 1454 329 1535 gatus
351 1450 389 1514 ab
406 1449 535 1532 Agdesti
558 1450 594 1513 ut
619 1450 706 1514 Attis
733 1451 934 1514 reuiuesceret
955 1467 1014 1514 uon
1036 1450 1125 1526 siuit;
1148 1450 1229 1532 qnod
1251 1453 1362 1516 tamen

239 1553 306 1619 fieri
328 1573 381 1636 per
404 1552 502 1617 fatum
523 1554 633 1634 posset,
657 1553 721 1617 sine
743 1553 808 1618 ulla
830 1551 1013 1617 difficultate
1036 1553 1200 1632 condonat,
1228 1573 1267 1618 ne
1290 1572 1393 1620 eor-a

240 1675 297 1738 pus
325 1656 390 1732 eins
416 1655 586 1738 putrescat,
610 1658 747 1721 crescant
773 1655 810 1719 nt
836 1673 939 1721 comae
966 1675 1098 1737 semper,
1128 1657 1301 1740 digitorum
1325 1661 1363 1722 ut

241 1759 477 1823 minimissimus
499 1759 587 1822 uiuat
609 1759 640 1822 et
660 1761 807 1839 perpetuo
829 1758 912 1823 solus
935 1761 1069 1842 agitetur
1092 1762 1219 1824 emota.
1243 1761 1362 1843 quibus

242 1863 420 1926 contentum
435 1861 589 1925 beneficiis
605 1861 767 1944 Agdestim
787 1879 976 1927 consecrasse
991 1881 1099 1944 eorpus
1115 1863 1147 1926 in
1161 1863 1361 1942 Pessinunte,

213 1964 433 2032 sanctimoniis
455 1965 563 2027 annuis
586 1964 617 2027 et
639 1964 877 2028 sacerdotiorum
900 1964 1093 2028 antistitibus
1123 1965 1297 2030 honorasse.
1334 1969 1362 2031 si

241 2069 431 2148 contemptor
458 2066 570 2147 aliquis
597 2066 759 2130 numinum
782 2069 812 2130 et
835 2067 977 2150 sacrilegi
999 2067 1129 2148 pectoris
1158 2069 1392 2135 immanitates

241 2171 372 2234 furiosus
394 2169 574 2234 intendisset
597 2170 735 2234 animum
758 2169 939 2235 maledicere
960 2171 1019 2236 diis
1035 2171 1156 2248 uestris,
1180 2172 1310 2236 auderet
1326 2171 1362 2236 in

242 2291 291 2337 eos
313 2272 477 2353 quicquam
500 2272 624 2355 granius
647 2271 745 2336 dicere
768 2291 860 2353 quam
883 2274 943 2337 ista
964 2274 1067 2356 prodit
1088 2273 1232 2351 historia,
1262 2294 1362 2357 quam

241 2374 328 2439 uelut
355 2374 500 2455 quiddam
530 2373 671 2439 mirabile
700 2375 911 2440 commentarii
938 2377 1111 2440 contulistis
1134 2376 1167 2440 in
1189 2377 1362 2442 formulam

242 2496 285 2556 ac,
308 2495 344 2541 ne
365 2477 454 2540 illam
476 2477 524 2540 uis
546 2477 692 2558 temporis
714 2480 744 2541 et
767 2477 932 2543 uetustatis
953 2479 1168 2544 obsolefaceret
1183 2480 1361 2563 longitudo,

152 2594 172 2648 s.
184 2595 231 2643 roa
242 2577 456 2662 perpetuitatis
483 2577 487 2662 l
512 2579 623 2642 honore
645 2580 825 2645 mactastis?
854 2581 996 2662 quidest
1019 2581 1101 2646 euim
1123 2583 1160 2646 de
1183 2582 1242 2646 diis
1265 2582 1301 2647 in
1324 2603 1393 2650 ean

242 2683 376 2764 positum
399 2681 512 2762 quidue
534 2682 748 2764 conscriptum,
772 2685 851 2764 quod
875 2703 943 2762 non,
967 2685 994 2748 si
1016 2685 1220 2750 inhominem
1243 2685 1361 2750 dixeris

242 2785 428 2868 pudibundis
456 2786 592 2850 moribus
621 2787 651 2850 et
679 2787 850 2869 disciplinis
872 2788 1094 2852 horridioribus
1117 2791 1297 2866 educatum,
1328 2791 1361 2854 et

242 2889 444 2954 autumnae
466 2907 536 2952 rens
559 2889 601 2953 sis
624 2893 654 2953 et
676 2889 852 2955 iniuriis‘et
875 2890 1092 2956 offensionibus
1116 2891 1228 2956 odium.
1244 2891 1361 2956 simul·

242 2991 358 3055 tatibus
381 2992 488 3056 subeas
510 2993 743 3075 inexpiabilibus
760 2996 993 3076 comparatum?
1015 3015 1050 3058 ex
1065 2995 1229 3076 lapidibus,
1253 2996 1361 3078 inqui-

243 3095 298 3171 tis,
333 3112 406 3176 quos
438 3095 606 3160 Deucalion
638 3095 766 3161 iactauit
794 3099 825 3161 et
857 3097 969 3181 Pyrra,
1004 3099 1094 3162 deum
1123 3103 1282 3180 procreata
1312 3100 1393 3162 esta

276 3417 426 3470 3acdestio
440 3417 466 3470 P
545 3417 723 3485 interficitque
736 3416 805 3471 Sat.-
824 3418 1009 3486 interfecitque
1022 3421 1048 3472 P
1124 3420 1291 3474 iamPeorr

242 3506 429 3570 purpuranates
448 3504 475 3555 P
609 3503 627 3555 4
644 3503 755 3556 suffodit
772 3506 799 3556 et
816 3503 874 3556 Iam
891 3506 1003 3572 scripsi:
1026 3505 1135 3570 suffodit
1152 3507 1208 3558 etas
1226 3507 1254 3559 P
1278 3507 1361 3560 suffo-

243 3587 284 3641 dit
307 3590 333 3642 et
357 3604 383 3641 se
401 3588 456 3642 Scb
475 3587 585 3641 suffodit
602 3605 660 3641 eam
682 3589 731 3642 aar
757 3589 877 3642 sustollit
894 3593 921 3643 et
938 3591 1032 3658 sepelit
1055 3591 1107 3645 Ura
1130 3591 1241 3644 suffudit
1265 3595 1292 3646 et
1310 3593 1361 3646 has

244 3673 320 3727 Solea
454 3675 471 3728 5
488 3673 643 3742 amygdalus
663 3674 732 3728 Sab:
755 3675 908 3743 amegdalus
926 3675 954 3728 P
973 3675 1185 3744 ammegdalusc
1209 3678 1361 3746 ammigda-

243 3759 285 3813 lus
302 3762 324 3812 c‘
425 3760 548 3812 latrum
566 3761 592 3812 P
609 3776 671 3814 corr
689 3765 710 3814 c'
813 3760 911 3815 acdesti
930 3761 957 3814 P
1057 3763 1202 3830 &pensata
1214 3763 1293 3818 Satan

243 3847 259 3900 9
276 3845 394 3900 hacdesti
412 3845 442 3910 (h
454 3847 588 3913 sapiencie
600 3851 628 3912 r)
647 3848 674 3900 P
772 3850 804 3900 ut
823 3846 892 3902 Sob:
910 3849 946 3900 tit
964 3849 991 3900 P
1090 3849 1123 3904 10
1140 3851 1271 3904 condonat
1292 3851 1361 3904 Sao.-

244 3931 433 3984 oondonantP
534 3933 566 3985 12
584 3933 606 4000 e]
626 3935 653 3984 et
666 3931 774 3985 Sabora
790 3931 839 3986 oet
941 3933 973 3986 13
985 3933 1111 3986 acdestim
1124 3936 1151 3988 P
1252 3936 1286 3990 14
1304 3953 1361 3992 oae-

243 4017 353 4069 rimonis
371 4018 398 4070 P
414 4033 475 4070 corr
493 4020 515 4071 c‘
626 4017 734 4070 annuis
752 4019 779 4070 P
886 4017 1089 4072 sacerdotiorum
1105 4021 1216 4088 screbat:
1239 4022 1361 4076 sacerdo-

242 4105 303 4155 tum
315 4103 342 4155 P
426 4102 593 4159 antistitibus
607 4102 676 4156 Sub:
694 4103 817 4156 antistib›
830 4104 862 4156 'P
878 4102 1023 4157 intestibus
1036 4104 1111 4158 Salsa
1129 4105 1272 4161 antistitiis
1295 4106 1361 4162 Oeta

243 4201 318 4258 te'rras
452 4205 486 4257 20
502 4195 599 4256 honore
618 4204 686 4258 Sub:
707 4191 805 4258 honore
823 4206 851 4258 P
983 4207 1017 4260 23
1035 4207 1147 4263 iniuriae
1165 4207 1220 4262 sao
1246 4207 1361 4264 iniurius

244 4291 385 4344 Menestas
492 4288 677 4342 offensionibus
694 4289 822 4344 Ztntias:
848 4290 1001 4345 offensionis
1019 4293 1046 4346 P
1151 4294 1186 4346 25
1205 4294 1361 4350 deucalidon

243 4377 271 4430 P
287 4393 348 4432 cerr
449 4375 574 4430 *memnii
592 4377 619 4430 P
923 4377 925 4382 '
