2916 5010
572 457 672 512 hiber
693 457 758 512 ΠΗ.
957 505 976 535 Ι,
1023 533 1026 538 Ι
1158 460 1220 530 153

81 630 227 697 ·rabitur
248 633 279 695 et
300 630 463 709 metietur,
486 630 558 713 quia
579 631 620 694 sit
642 629 850 696 consimilium
871 631 1033 696 nominum
1048 617 1221 698 confusione

105 736 257 800 easeatus.
280 735 372 816 atque
386 735 432 798 ite
446 752 500 816 per
515 733 678 816 nosipsos,
701 733 843 815 quamuis
858 733 925 799 fieri
940 735 1054 813 nolitis,
1078 735 1219 812 efficitur,

104 841 142 902 ut
164 837 294 902 haesitet
315 837 423 919 religio
446 836 626 900 conturbata
653 854 750 918 neque
776 836 1003 926 habeatlinem
1026 842 1159 917 eertum,
1187 839 1221 904 in

105 959 198 1024 quem
224 941 355 1023 dirigere
382 959 414 1005 se
444 940 541 1021 possit
567 941 676 1004 multis
704 941 790 1006 elusa
816 940 1031 1023 ambiguitatis
1058 942 1220 1007 erroribus.

65 1044 214 1128 tingite
235 1062 289 1109 nos
311 1044 393 1108 enim
415 1045 466 1108 uel
482 1045 664 1108 auctoritate
679 1046 847 1110 commotos
862 1045 913 1109 uel
929 1045 1080 1110 uiolentia
1094 1046 1219 1110 terreris
1233 1043 1271 1106 lo

104 1148 202 1212 uestri
223 1146 426 1211 induxissem
441 1147 580 1212 animum
594 1147 767 1212 Mineruam
789 1147 875 1212 uerbi
901 1166 993 1212 eausa
1015 1146 1108 1212 saeris
1133 1147 1221 1212 uobis

104 1249 308 1315 sollemnibus
330 1253 360 1314 et
375 1248 439 1314 ritu
459 1250 538 1314 uelle
554 1250 676 1316 adorare
692 1251 831 1334 uolgato:
844 1220 890 1363 {a
906 1269 977 1314 oum
992 1251 1112 1316 diuinas
1128 1269 1221 1332 appa-

99 1372 209 1434 ramus
238 1371 285 1418 res
310 1351 440 1435 adgredi
468 1355 560 1434 etque
587 1353 648 1417 eris
670 1352 902 1418 flammantibus
924 1372 980 1418 sua
1001 1353 1127 1418 reddere
1148 1371 1221 1418 oon-

104 1456 233 1534 sutura,
263 1455 420 1520 Mineruae
446 1473 550 1518 omnes
579 1454 723 1520 aduolant
752 1475 788 1520 ao
816 1457 852 1521 de
880 1456 974 1522 istius
995 1456 1129 1522 nominis
1151 1473 1221 1539 poa·

63 1583 95 1621 ιο
104 1559 237 1625 sessiorm
265 1559 416 1624 esitantes
444 1561 572 1639 poseant
601 1558 661 1622 sibi
688 1559 828 1642 singulae
856 1561 1037 1641 apparatum
1057 1560 1150 1623 illum
1172 1578 1221 1624 sa-

104 1679 225 1726 oromm
250 1648 363 1765 reddi}
381 1661 456 1744 quid
477 1662 510 1726 in
532 1662 632 1726 medio
662 1657 810 1727 faciemus
837 1679 891 1728 nos
913 1663 1030 1728 animal
1058 1663 1148 1728 tenue
1172 1660 1222 1726 uel

104 1765 138 1828 in
158 1767 261 1846 partes
283 1783 359 1846 quas
380 1764 483 1846 potius
512 1765 556 1848 pii
578 1765 714 1830 muneris
745 1765 845 1830 offieia
874 1765 1093 1831 transferemus
1139 1763 1222 1828 diost

104 1867 188 1931 enim
209 1867 339 1932 forsitan
360 1867 462 1949 prima
484 1867 540 1932 illa
562 1887 655 1950 quam
677 1868 829 1933 diximus:
852 1888 956 1934 meum
970 1886 1081 1934 nomen
1097 1869 1144 1932 est
1158 1866 1221 1931 Mi-

41 2035 45 2041 ,
104 1989 224 2050 uernae,
247 1991 363 2036 meum.
376 1991 499 2052 numen,
523 1991 600 2054 quae
615 1973 792 2054 Apollinem
815 1973 917 2055 genui,
941 1990 1018 2054 quae
1035 1973 1168 2037 Dianam
1191 1970 1222 2034 et

64 2093 141 2140 mex
162 2075 226 2138 mei
248 2075 328 2138 uteri
350 2074 417 2139 fetu
440 2075 559 2140 eaelum
582 2075 761 2140 numinibus
783 2076 855 2163 euri
870 2077 901 2140 et
917 2079 1041 2141 deorum
1056 2093 1221 2139 numerum

104 2176 323 2259 multiplioaui.
358 2178 468 2256 immo,
486 2177 613 2259 inquiet
634 2179 741 2260 quinta
763 2178 919 2257 Minerua,
944 2180 965 2258 †
987 2171 1120 2266 tuturis,
1143 2194 1221 2257 quae

103 2281 218 2347 marita
241 2282 272 2345 et
293 2299 442 2363 puerpera
464 2281 575 2346 totiens
597 2281 749 2346 oast‘tatis
771 2299 866 2364 purae
886 2279 1043 2344 inminuta
1057 2297 1089 2343 ss
1105 2279 1219 2342 saneti-

101 2347 187 2485 tate]
214 2369 318 2448 nonne
335 2383 420 2448 uides
442 2384 474 2448 in
496 2383 665 2466 Capitoliis.
678 2384 821 2449 omnibus
844 2382 1005 2466 uirginalr's
1023 2399 1089 2446 esse
1105 2382 1219 2464 speeies

104 2487 317 2551 Mmeruarum
335 2487 370 2557 et
391 2486 590 2568 innuptarum
612 2487 660 2550 his
682 2487 796 2552 formas
819 2488 857 2551 ab
872 2484 1042 2550 artificibus
1068 2481 1073 2569 1
1098 2479 1303 2548 amatistes

65 2591 198 2655 molari?
219 2589 333 2654 desiste
354 2589 451 2672 igitur
473 2606 585 2654 nomen
606 2589 682 2653 iuris
705 2574 764 2653 tibi
785 2582 952 2654 adsoisoo're
972 2606 1033 2652 non
1055 2587 1112 2652 tui.
1147 2606 1220 2652 narn

103 2693 279 2758 Mineruam
300 2711 350 2757 me
372 2710 436 2756 esse
458 2692 596 2775 genitore
611 2711 647 2755 ex
661 2691 803 2756 Pallante
817 2693 1020 2774 procreatam,
1043 2690 1132 2773 testis
1155 2707 1219 2754 om-

102 2797 152 2860 nis
175 2798 222 2860 est
244 2797 403 2878 poetarum
425 2796 548 2878 ahorne,
579 2795 631 2876 qui
653 2793 812 2860 Palladem
833 2815 883 2861 me
903 2796 1060 2875 uuuoupat
1081 2793 1220 2858 deriuato

103 2901 232 2982 epatre
254 2899 447 3026 cognomine]
474 2897 548 2979 quid
570 2897 663 2976 dieis,
685 2898 804 2979 inquiet
831 2899 962 2964 seouuda
984 2898 1058 2962 haee
1080 2897 1226 2978 audieus,

138 3155 154 3207 1
172 3154 233 3222 quia
251 3153 319 3209 Sat.-
342 3155 406 3222 quid
426 3169 459 3208 ea
482 3169 533 3224 que
550 3152 712 3208 demetetur
729 3153 756 3206 P
867 3130 1051 3206 consimilium¹
1065 3151 1133 3206 Set:
1158 3167 1218 3204 con-

104 3239 197 3293 silium
214 3240 241 3293 P
352 3241 418 3293 3nt
436 3241 498 3306 aaa,
516 3257 546 3293 r:
564 3242 593 3294 at
611 3240 638 3294 P
751 3239 849 3292 hesitet
868 3239 895 3292 P
911 3239 975 3292 haee
993 3239 1030 3291 sit
1048 3241 1075 3291 et
1093 3237 1149 3291 eoo

103 3326 226 3380 4multis
237 3327 348 3394 scripsi:
367 3328 395 3378 et
405 3327 487 3379 nullis
500 3327 527 3380 P
543 3326 625 3380 nullis
638 3325 693 3380 Sat
711 3329 767 3378 tam
779 3325 871 3378 multis
889 3324 1017 3379 oehlerus
1119 3325 1218 3378 soom·
1281 3353 1287 3368 ·

103 3430 190 3482 motos
207 3445 230 3495 r,
242 3428 332 3482 Saloe:
350 3415 467 3482 oomotus
480 3429 508 3481 P
522 3429 581 3482 ideo
600 3432 675 3483 notos
688 3427 742 3484 Set
760 3428 819 3482 ideo
836 3430 921 3480 motos
939 3429 970 3482 ia
982 3443 1027 3481 err
1129 3428 1144 3480 'l
1162 3428 1219 3481 uol-

103 3518 180 3584 gato:
208 3517 232 3568 si
248 3515 362 3583 scripsi:
388 3515 511 3584 uolgatur
533 3515 557 3569 si
574 3516 601 3569 P
627 3517 752 3584 uulgato,
778 3530 826 3573 res,
841 3516 864 3568 si
882 3513 937 3568 aaa
963 3513 1071 3582 uolgato
1094 3513 1151 3566 sir

102 3599 197 3674 diuina
207 3617 224 3654 e
314 3601 331 3654 8
342 3616 383 3654 res
395 3599 492 3654 odardo·
582 3600 690 3669 adgredi
701 3604 780 3668 atque
792 3600 946 3668 Rlpolte'as:
961 3597 1101 3667 adgrediat
1113 3614 1179 3666 quae
1191 3599 1219 3652 P

102 3673 253 3771 adgrediat.
268 3718 318 3770 que
330 3707 352 3756 o‘
369 3703 606 3772 aggrediamurque
619 3703 673 3757 Sat
690 3703 913 3772 aggredimurque
928 3703 977 3756 Gel
1078 3703 1095 3756 9
1112 3704 1217 3756 ineruae

101 3789 223 3850 Peene,
305 3788 338 3841 14
349 3803 436 3841 meum
447 3789 597 3858 Raetiae:
615 3774 647 3841 ou
659 3789 686 3842 P
702 3792 763 3840 tum
775 3787 830 3842 Sub
932 3803 1019 3840 meum
1031 3790 1072 3842 et
1083 3787 1219 3841 Mineruae

100 3889 198 3927 nomeu
215 3890 245 3928 ae
262 3889 359 3926 numen
371 3874 415 3927 ael
432 3889 520 3927 meum
537 3877 597 3927 tum
608 3889 703 3927 nomen
714 3876 755 3927 est
767 3873 900 3926 Mineruae
913 3876 971 3926 tum
984 3888 1081 3926 numen
1099 3871 1150 3926 Urs

100 3960 209 4014 numine
222 3960 298 4013 Helm
399 3959 560 4028 appollinem
573 3960 600 4012 P
700 3959 779 4026 geum
793 3959 862 4012 Set.-
880 3959 1014 4028 genuitP
1115 3957 1149 4012 15
1160 3957 1218 4011 fetu

101 4046 169 4098 Set:
189 4045 254 4098 fietu
266 4047 294 4099 P
395 4046 427 4101 16
445 4045 541 4114 quinta
561 4045 625 4099 Get:
649 4047 749 4114 quanta
767 4046 795 4110 P
817 4047 911 4113 quarta
930 4045 983 4098 Set
1084 4047 1119 4096 tu·
1132 4044 1164 4097 tu
1182 4043 1217 4096 sis

102 4131 158 4186 soa
180 4134 212 4185 ru
229 4117 266 4184 ssi
288 4131 338 4186 eeu
360 4134 391 4184 su
408 4131 493 4184 sams
512 4132 589 4184 aare
699 4131 731 4184 17
749 4131 892 4184 immnuta
911 4130 979 4184 sae.-
1003 4130 1107 4183 snmus
1124 4130 1152 4183 r>
1196 4191 1200 4200 ,
1267 4191 1270 4198 .

101 4235 129 4271 es
142 4217 207 4284 aaa,
220 4234 251 4270 r:
268 4218 347 4271 estP
450 4214 650 4285 18uirgiualeis
664 4216 718 4269 Sat
816 4216 849 4269 19
861 4217 898 4284 et]
911 4216 1025 4270 neoSet
1123 4216 1218 4284 innup-

100 4303 354 4376 tarumtRepette'us:
365 4306 507 4371 nuptarum
519 4302 546 4355 P
622 4301 656 4354 20
665 4299 810 4380 adsciscere
823 4301 885 4364 Sat,
898 4317 927 4353 r:
940 4301 1112 4354 adhisoisoere
1125 4302 1152 4354 P

100 4389 134 4444 23
152 4391 252 4456 inques
270 4390 298 4443 P
398 4389 489 4443 audies
506 4389 534 4442 P
551 4404 611 4441 corr
629 4392 650 4442 e‘
