2916 5010
580 461 680 516 Liber
700 459 768 534 1111.
1168 459 1226 524 161

115 634 199 700 cium
221 633 407 716 Lycaoniam
438 632 646 714 pransitasse?
678 632 829 714 numquid
858 632 954 697 altero
982 630 1126 696 claudum
1153 630 1229 714 pede

115 735 199 818 apud
225 735 361 800 insulam
382 735 532 800 Lemnum
561 735 685 800 fabrilia
716 753 807 817 opera
835 734 1002 800 exercuisse
1031 733 1229 798 Vulcanum?

114 839 266 921 numquid
288 838 440 923 cupidinis
461 841 553 920 atque
576 839 725 903 auaritiae
748 855 850 916 causa,
879 837 959 903 sicut
981 837 1063 902 canit
1083 837 1228 902 Boeotius

113 932 278 1020 Pindarus,
302 941 522 1024 Aesculapium
537 939 677 1006 fulminis
692 940 874 1007 transfixum
889 959 954 1005 esse
963 941 1053 1005 telo?
1080 940 1229 1022 numquid

92 1044 294 1127 sApcllinem
316 1043 413 1109 ditem
436 1043 555 1110 factum
577 1063 626 1110 eos
648 1044 731 1129 ipses
759 1063 845 1128 roges
872 1060 1001 1126 quorum
1023 1043 1107 1127 gazis
1128 1043 1229 1108 fuerat

114 1147 321 1229 locupletatus
343 1150 374 1211 et
396 1148 483 1214 donis
506 1148 712 1233 ambiguitate
733 1147 880 1214 fefellisse
900 1149 1058 1234 responsi?
1079 1147 1229 1231 numquid

114 1251 215 1314 furem
237 1249 423 1315 Mercurium
444 1251 673 1333 publicauimus
695 1255 772 1316 nos?
794 1269 848 1316 nos
871 1271 935 1317 csse
950 1251 1122 1318 Lauernam
1137 1252 1228 1333 atque
1270 1289 1273 1301 ·

115 1373 187 1419 cum
208 1353 266 1418 hoc
288 1353 383 1418 simul
398 1353 558 1420 fraudibus
572 1355 745 1439 praesidere
759 1355 906 1420 furtiuis?
927 1355 1077 1438 numquid
1092 1373 1128 1420 ex
1141 1353 1229 1419 nobis

114 1457 263 1540 Myrtilus
279 1459 326 1522 est
340 1459 454 1537 auctor,
472 1460 524 1540 qui
535 1459 652 1524 Macati
667 1459 748 1524 filiae
763 1459 947 1542 Megaclonis
963 1459 1123 1526 ancillulas
1137 1457 1229 1540 profi-

75 1592 105 1630 ιο
114 1560 199 1624 tetur
213 1559 309 1625 fuisse
319 1561 449 1625 Musas?
463 1562 612 1644 numquid
627 1581 698 1646 rege
713 1581 731 1626 a
745 1561 864 1645 Cyprio,
882 1563 967 1627 cuius
979 1581 1091 1628 nomen
1102 1560 1229 1646 Cinyrae

115 1664 172 1744 est,
188 1665 208 1742 †
224 1663 375 1760 dictatum
392 1663 625 1730 ‘meretriculam
641 1664 790 1729 Venerem
813 1665 954 1729 diuorum
969 1664 1001 1730 in
1017 1682 1142 1730 numero
1158 1682 1229 1729 con·

113 1766 285 1830 secratam?
314 1767 382 1847 quis
406 1785 441 1831 ex
463 1765 603 1848 reliquiis
618 1767 741 1850 Pelopis
765 1769 946 1849 conpactum
968 1785 1032 1833 esse
1053 1767 1229 1833 Palladium
1239 1768 1278 1830 25

113 1867 272 1951 prodidit?
293 1886 353 1932 non
368 1873 443 1933 uos?
471 1869 540 1951 quis
563 1868 748 1952 Spartanum
770 1870 1043 1936 fuisse'Martem?
1071 1887 1133 1934 non
1155 1868 1228 1951 upi-

113 1971 257 2034 charmus
279 1973 385 2036 auctor
406 1972 530 2036 uester?
563 1971 632 2054 quis
655 1971 688 2037 in
710 1972 859 2058 Thraciae
880 1973 993 2039 finibus
1015 1973 1228 2056 procreatum?

75 2091 176 2140 renen
199 2070 509 2154 Sophocles'dtticus
538 2075 657 2139 cunctis
685 2076 947 2141 consentientibus
977 2077 1128 2143 theatris?
1161 2074 1229 2157 quis

113 2175 272 2240 mensibus
301 2175 334 2239 in
355 2176 490 2240 Arcadia
519 2177 618 2243 tribus
648 2181 678 2245 et
706 2177 811 2244 decem
840 2179 1005 2243 uinctum?
1040 2195 1101 2243 uon
1130 2179 1229 2242 Melae

113 2278 253 2344 fluminis
281 2279 387 2345 filius?
420 2281 489 2362 quis
512 2281 540 2346 ci
568 2300 656 2347 canes
683 2281 687 2368 Ι
713 2284 751 2348 ab
779 2281 921 2362 Caribus,
954 2283 1022 2364 quis
1045 2282 1082 2346 ab
1106 2281 1229 2364 Scythis
1237 2296 1255 2346 f.
1266 2297 1297 2346 er

112 2383 215 2448 asinos
243 2384 420 2449 immolari?
453 2402 512 2448 nou
538 2385 750 2468 principaliter
780 2405 850 2450 cum
872 2386 980 2451 ceteris
1002 2384 1229 2466 Apollodorus?

113 2487 184 2569 quis
207 2488 282 2551 dum
304 2486 475 2569 genialibus
502 2488 634 2552 insultat
655 2489 762 2552 alienis
790 2488 924 2554 haesisse
945 2487 978 2552 in
999 2490 1117 2570 laqueis
1139 2488 1227 2550 inuo-

74 2589 239 2658 rclhtum?
267 2607 328 2654 non
350 2591 561 2655 commentarii
582 2591 702 2659 uestri?
735 2610 795 2656 non
819 2595 967 2657 scaenae?
999 2589 1148 2672 numquid
1170 2588 1228 2654 ali-

112 2695 232 2775 quando
255 2712 273 2757 a
295 2693 382 2757 nobis
405 2695 611 2774 conscriptum
633 2696 681 2758 est
702 2694 940 2759 mercennariam
961 2693 1031 2758 deos
1047 2693 1229 2757 seruitutem

112 2797 260 2875 seruisse,
289 2798 325 2860 ut
345 2796 512 2862 Herculem
534 2795 681 2861 Sardibus
709 2797 822 2862 amoris
853 2799 884 2860 et
910 2795 1097 2879 petulantiae
1126 2812 1226 2874 causa,

111 2900 150 2964 ut
172 2899 306 2964 Admeto
320 2898 500 2980 Apollinem
516 2898 651 2976 Delium,
674 2901 710 2964 ut
725 2900 924 2965 Laomedonti
940 2900 1046 2964 Troico
1062 2899 1145 2964 Iouis
1166 2898 1228 2963 fra·

111 3003 203 3080 trem,
227 3005 262 3066 ut
285 3002 384 3066 eidem
405 3001 457 3066 sed
476 3019 546 3064 cnm
566 3004 675 3082 patruo
690 3001 849 3084 Pythium,
872 3003 909 3066 nt
924 3002 1100 3086 coniugalia
1115 3002 1230 3067 secreta

73 3136 100 3174 ss
111 3104 315 3199 miscentibus
337 3105 510 3168 Mineruam
525 3105 652 3169 luminis
672 3105 849 3170 ministram
864 3109 896 3170 et
911 3106 1104 3171 lucernarum
1119 3106 1228 3170 modu·

111 3208 278 3272 latricem?
310 3225 409 3272 nonne
435 3209 490 3274 ills
517 3212 618 3273 uester
647 3211 693 3272 est
720 3209 824 3287 uates,
860 3208 913 3291 qui
934 3210 1069 3274 Martem
1093 3209 1170 3288 fecit
1198 3210 1228 3272 et

112 3309 264 3374 Venerem
279 3311 457 3376 mortalium
472 3297 613 3377 manibus
629 3313 828 3376 uulneratus?
843 3329 903 3376 non
915 3331 950 3377 cx
965 3302 1053 3377 uobis
1065 3311 1229 3396 Perpessis

217 3429 396 3496 ricaae
476 3430 668 3496 ercam
758 3430 940 3497 eueaar
1032 3429 1229 3496 roncare

112 3514 318 3580 raucam
393 3515 608 3584 saraam
693 3516 896 3580 arnonas
980 3514 1184 3580 aenaeae

145 3616 287 3686 dpidarus
304 3616 332 3670 P
348 3632 440 3671 ccrrc
514 3679 516 3684 Ι
543 3617 642 3670 lnce?
660 3617 893 3672 Heldcbraode‘us:
909 3633 964 3670 ncn
982 3617 1009 3671 P
1025 3633 1089 3670 num
1107 3616 1161 3671 Sub

110 3702 179 3756 nos?
202 3703 258 3772 nos]
277 3718 330 3756 non
347 3719 395 3757 uos
413 3703 488 3756 Solen
589 3703 725 3756 labemam
742 3703 769 3757 P
868 3702 973 3756 9filiae
997 3702 1140 3766 Cantetur,
1163 3699 1228 3754 Urs:

109 3789 184 3843 filias
202 3789 230 3842 P
337 3788 499 3856 Megaclonis
518 3788 660 3854 Caeteros,
683 3788 748 3842 Urs:
772 3788 932 3858 meglaconis
950 3789 978 3842 P
1088 3785 1229 3856 profitetur

113 3875 182 3930 sec:
205 3874 359 3942 profitemur
376 3875 404 3927 P
501 3875 535 3928 10
551 3875 688 3943 numquid]
708 3875 766 3942 quis
786 3875 838 3930 cer
937 3873 1047 3944 Cinyras
1069 3873 1136 3927 Urs.-
1154 3871 1227 3940 cyni-

109 3979 156 4016 ras
174 3961 202 4014 P
314 3961 345 4015 11
364 3959 477 4014 ditatam
497 3959 547 4014 Gal
660 3960 692 4013 12
709 3961 817 4028 reliquis
835 3961 863 4014 P
879 3963 980 4014 corrc⁴
1094 3959 1126 4012 13
1143 3972 1229 4009 nonne

109 4047 288 4117 Epicharmus
305 4046 360 4099 Sub
464 4046 497 4099 14
514 4047 630 4099 trachiae
649 4045 678 4112 (h
696 4047 830 4114 expuerit
847 4048 873 4115 r)
892 4047 920 4100 P
1020 4045 1053 4099 16
1064 4044 1147 4098 Melae
1164 4042 1227 4096 cer.-

110 4132 188 4188 mille
201 4136 226 4184 P
303 4132 336 4184 17
347 4130 420 4185 filius
437 4131 500 4185 Get:
512 4131 609 4185 filioP
688 4133 809 4201 scytisP
886 4132 918 4186 19
931 4131 1093 4202 genitalibus
1106 4131 1160 4186 Sub

109 4220 145 4274 21
165 4217 380 4272 mercenariamr
482 4218 515 4270 22
533 4217 678 4285 Omphalae
696 4217 835 4272 Herculem
852 4218 992 4272 Maarsares
1009 4217 1147 4271 Herculem
1165 4217 1228 4273 Om-

110 4303 239 4374 phalae?
324 4302 453 4357 Sardibus
470 4303 818 4358 UrsrsordibusPscrdidi
831 4303 886 4358 Sub
971 4302 1122 4372 24pytium
1135 4303 1162 4357 P

111 4390 267 4460 coniugalia
284 4390 312 4444 P
412 4389 447 4443 25
464 4389 664 4444 moderatricem
686 4389 827 4457 donicus,
851 4390 901 4446 Ure
1130 4399 1135 4404 ·

214 4493 261 4548 lv.
1095 4495 1126 4548 11
