2950 5006
253 455 293 518 12
558 451 699 506 Arnobii
721 453 881 508 aduersus
904 453 1058 507 nationes

251 626 416 691 admodum
433 627 514 691 enim
536 643 586 690 res
609 626 660 711 agi
683 628 714 690 et
735 645 830 709 usque
852 627 891 691 ad
912 627 969 690 hoe
989 628 1111 708 tempus
1133 643 1228 708 genus
1251 625 1369 708 quisset

251 730 360 810 durare
379 729 567 811 mortalium,
591 729 617 793 si
640 747 699 793 non
714 730 818 794 omnia
839 748 916 812 quae
941 747 1014 794 usus
1028 729 1112 794 uitae
1137 729 1273 810 posceret
1295 729 1369 792 sub·

203 832 439 906 laministraret
471 833 614 900 fertilitas
647 836 769 897 rerum?
799 833 851 898 sed
879 831 1004 896 fuerunt
1032 831 1193 914 aliquando
1220 831 1369 896 33333113

249 933 280 998 13
303 935 536 1000 nscessitatibus
557 935 711 1018 tempora:
735 937 765 1000 31
780 935 916 1000 relaxate
937 937 1010 1000 sunt
1033 934 1230 1000 abundantiis
1246 951 1367 1009 rursum

248 1038 354 1103 contre
382 1039 575 1104 uoluntatem
605 1040 754 1122 quaedam
783 1039 864 1106 bella
897 1038 1126 1104 administrata:
1164 1039 1195 1102 et
1227 1037 1368 1102 uictoriis
1396 1059 1411 1096 3

247 1141 442 1223 postmodum
458 1141 706 1225 successibusque
728 1145 871 1208 correcta.
884 1215 886 1230 Ι
901 1143 973 1225 quid
997 1159 1077 1226 erge,
1100 1142 1236 1206 dicemus
1256 1140 1368 1205 iniuri-

247 1261 337 1308 arum
363 1245 535 1309 nostrarum
563 1244 632 1310 deos
660 1245 749 1310 modo
777 1262 927 1310 memores
955 1263 1021 1310 esse
1046 1243 1136 1308 modo
1165 1261 1228 1309 esse
1260 1261 1369 1308 rursus

247 1346 464 1412 immemores?
500 1348 526 1412 si
554 1367 613 1431 quo
646 1349 782 1431 tempore
812 1348 910 1412 fames
940 1349 986 1412 est
1014 1347 1087 1412 irati
1117 1365 1181 1412 esse
1212 1347 1368 1429 (11333133,

247 1450 385 1531 sequitur
406 1452 441 1515 31
456 1450 661 1516 abundantiae
682 1452 817 1532 tempore
837 1450 911 1516 irati
926 1452 957 1515 et
972 1449 1113 1515 difficiles
1135 1467 1196 1513 non
1215 1450 1294 1514 sint:
1317 1451 1369 1513 at

248 1571 305 1635 que
326 1553 372 1619 113
386 1554 562 1635 perducitur
582 1573 630 1618 res
650 1571 683 1618 eo
706 1555 742 1618 31
756 1554 876 1619 uicibus
898 1553 1024 1618 ludicris
1047 1555 1078 1618 31
1097 1551 1211 1634 ponant
1233 1552 1264 1616 et
1278 1571 1409 1634 repe-10

246 1655 316 1720 1331
337 1656 398 1721 1333
420 1658 451 1722 31
474 1657 506 1721 13
528 1659 683 1740 integrum
706 1677 737 1724 se
760 1676 877 1739 semper
899 1657 1098 1722 offensionum
1116 1688 1132 1720 e
1157 1655 1372 1722 recordatione

201 1759 419 1839 pqrestituant.
455 1779 639 1843 quamquam
666 1761 750 1826 istud
777 1762 857 1843 quod
879 1760 993 1825 dicitur
1015 1760 1104 1841 quale
1126 1759 1168 1824 sit
1190 1758 1371 1840 explicabili

246 1878 306 1925 333
344 1864 445 1945 potest
483 1865 735 1945 comprehensione
768 1864 914 1948 cognosci.
970 1862 996 1926 si
1029 1863 1218 1928 Alamannos
1254 1861 1370 1927 Persas

246 1962 375 2046 Scythas
397 1965 509 2031 ideirco
532 1967 696 2032 uoluerunt
719 1967 847 2045 deuinoi‚
871 1967 951 2049 quod
972 1955 1149 2031 habitarent
1168 1965 1199 2030 et
1218 1964 1371 2048 degerent

246 2067 278 2132 iu
301 2086 405 2132 eorum
426 2070 570 2152 gentibus
586 2069 769 2136 Christiani:
792 2069 1048 2153 quemadmodum
1062 2069 1209 2134 Romanis
1230 2067 1370 2132 tribuere
1381 2091 1408 2130 15

246 2170 416 2250 uictoriam,
439 2191 509 2238 cum
531 2174 703 2239 habitarent
725 2176 756 2238 31
777 2175 923 2258 degerent
945 2173 977 2238 in
993 2191 1097 2238 eorum
1120 2189 1238 2254 quoque
1260 2171 1371 2255 genti-

179 2274 302 2344 1311333
324 2273 515 2340 Christiani?
549 2277 740 2352 31131313,
770 2269 989 2360 Syria'idoirco
1012 2293 1113 2340 mures
1142 2276 1175 2339 31
1203 2275 1338 2340 locustas
1361 2275 1366 2361 Ι

245 2376 849 2463 31333333333331131311133331333331,
873 2377 949 2460 quod
974 2377 1091 2443 ratione
1106 2377 1259 2442 consimili
1273 2376 1369 2441 habi-

245 2482 345 2546 tarent
367 2482 401 2546 13
423 2499 527 2547 eorum
549 2482 693 2566 gentibus
715 2479 897 2546 Christiani:
931 2481 964 2544 in
985 2480 1151 2562 Hispania,
1183 2480 1286 2550 Gallia
1308 2498 1369 2545 cur

246 2584 350 2648 eodem
371 2585 506 2667 tempore
528 2586 637 2651 horum
660 2571 738 2650 nihil
760 2585 868 2649 natum
883 2585 939 2662 331,
963 2602 1033 2648 cum
1052 2583 1205 2648 innumeri
1220 2583 1408 2650 uiuerentae

245 2687 278 2751 in
299 2687 348 2752 his
370 2705 488 2769 quoque
509 2687 675 2769 prouinciis
697 2686 886 2758 Christiani?
923 2687 950 2751 si
979 2687 1059 2768 apud
1081 2687 1238 2765 Gaetulos,
1255 2688 1276 2766 †
1291 2705 1368 2752 eum

245 2790 404 2871 aquitanos
437 2791 529 2855 huius
556 2790 602 2854 rei
629 2809 718 2856 causa
746 2790 916 2855 siceitatem
946 2790 1021 2854 satis
1042 2790 1277 2871 ariditatemque
1299 2788 1367 2854 mi·

245 2895 359 2972 serunt,
383 2912 416 2957 eo
439 2913 516 2959 anno
539 2911 592 2957 eur
613 2911 725 2958 messes
748 2893 955 2975 amplissimas
976 2893 1094 2958 Mauris
1109 2892 1367 2973 Nomedibusque

244 2997 436 3076 tribuerunt,
469 3016 539 3061 cum
560 2996 668 3079 religio
690 2996 803 3061 similis
825 2996 873 3061 his
897 3013 1015 3078 quoque
1037 2995 1069 3059 13
1091 2995 1266 3078 regionibus
1288 3013 1364 3059 uer-

244 3101 384 3166 teretur?
417 3100 443 3166 si
464 3100 498 3164 in
520 3099 646 3164 ciuitate
668 3098 868 3181 unaqualibet
890 3099 972 3164 fame
986 3097 1135 3180 plurimos
1151 3097 1248 3162 emori
1262 3098 1405 3163 3331313

244 3203 376 3269 nominis
398 3203 556 3268 auersione
578 3202 802 3279 1333331333
824 3201 941 3265 ibidem
963 3201 1127 3266 annonaria
1148 3201 1277 3266 caritate
1298 3217 1363 3266 non

243 3307 367 3370 tantum
389 3305 521 3388 corporis
549 3323 610 3370 non
638 3305 736 3368 nostri
764 3323 870 3368 uemm
900 3303 993 3369 etiam
1016 3301 1203 3368 Christianos
1232 3303 1364 3369 ditiores

244 3412 275 3475 et
297 3408 553 3491 locupletissimos
576 3407 793 3472 reddiderunt?
827 3408 881 3471 aut
903 3407 1000 3492 igitur
1023 3407 1125 3472 cuncti
1140 3406 1219 3471 nihil
1241 3407 1364 3472 laetum

278 3700 293 3751 1
311 3698 413 3767 quisset
429 3697 539 3766 scripsi:
562 3697 621 3766 quis
639 3698 668 3751 P
690 3696 736 3765 qui
754 3696 819 3762 Seb,
835 3713 851 3750 3
874 3696 962 3766 quiret
983 3696 1035 3750 1133
1142 3697 1268 3750 23133333
1293 3696 1362 3751 1133·

243 3787 349 3838 duraret
366 3785 394 3837 P
502 3785 576 3837 uitae
593 3782 811 3838 11133333333333.Ι
830 3783 861 3835 31
880 3782 908 3834 P
925 3797 967 3836 oee
985 3781 1040 3836 eae
1150 3782 1167 3836 4
1185 3786 1214 3837 31
1238 3783 1290 3837 1133

243 3870 410 3925 abundantiis
422 3870 450 3923 P
516 3868 696 3923 abundantiis.
708 3885 799 3922 rursus
811 3873 875 3922 3313
886 3867 1106 3922 Κ133333333333
1175 3870 1232 3923 531
1249 3868 1300 3922 1133

242 3958 360 4012 uictoris
377 3958 405 4010 P
505 3955 617 4011 8famis
635 3956 662 4008 P
679 3963 740 4009 3333
851 3954 884 4008 10
901 3953 1022 4008 ludrieris
1035 3954 1062 4008 P
1078 3970 1141 4008 3333
1252 3955 1284 4008 11
1302 3970 1361 4008 3333

241 4059 288 4112 per
313 4043 487 4096 offensionum
513 4041 720 4096 recordationem
743 4039 795 4094 1133
901 4047 965 4108 post
991 4039 1162 4094 offensionum
1188 4040 1361 4094 intercidisse

240 4129 373 4184 uideatur
396 4144 466 4183 nunc
483 4132 559 4181 uenia
576 4143 646 4180 nunc
663 4126 818 4180 estsimilis
921 4125 953 4178 13
965 4125 1127 4179 3113333333
1139 4126 1167 4178 P
1178 4143 1240 4181 3333
1257 4126 1360 4180 Alanos

245 4215 299 4270 1133
434 4215 468 4268 14
485 4216 572 4282 scytes
590 4214 636 4282 Pv
753 4211 1026 4274 11313131133131313,
1045 4227 1074 4263 3.·
1098 4211 1289 4267 christianisP

240 4301 274 4356 21
292 4301 397 4370 getulos
415 4302 443 4354 P
526 4302 586 4353 tum
603 4299 750 4366 Aquitanos
768 4297 823 4353 Sab
840 4301 868 4351 31
885 4297 1042 4366 Tingitenos
1065 4296 1117 4352 1133
1208 4298 1243 4352 21)
1261 4301 1361 4353 semoti

241 4387 269 4440 P
285 4402 347 4441 3333
449 4384 483 4439 28
500 4384 564 4438 13311
584 4383 639 4438 Set
