<?xml version="1.0" encoding="UTF-8"?>
<!DOCTYPE html PUBLIC "-//W3C//DTD XHTML 1.0 Transitional//EN"
    "http://www.w3.org/TR/xhtml1/DTD/xhtml1-transitional.dtd">
<html xmlns="http://www.w3.org/1999/xhtml" xml:lang="en" lang="en">
 <head>
  <title>
</title>
<meta http-equiv="Content-Type" content="text/html;charset=utf-8" />
  <meta name='ocr-system' content='tesseract 3.04.00' />
  <meta name='ocr-capabilities' content='ocr_page ocr_carea ocr_par ocr_line ocrx_word'/>
</head>
<body>
  <div class='ocr_page' id='page_1' title='image "./corpusscriptoru09wissgoog_0145.png"; bbox 0 0 2916 5010; ppageno 0'>
   <div class='ocr_carea' id='block_1_1' title="bbox 245 427 1042 506">
    <p class='ocr_par' dir='ltr' id='par_1_1' title="bbox 245 427 1042 506">
     <span class='ocr_line' id='line_1_1' title="bbox 245 427 1042 506; baseline -0.005 -6"><span class='ocrx_word' id='word_1_1' title='bbox 245 440 306 506; x_wconf 87' lang='lat'>108</span> <span class='ocrx_word' id='word_1_2' title='bbox 400 427 402 430; x_wconf 33' lang='lat'>¹</span> <span class='ocrx_word' id='word_1_3' title='bbox 546 441 687 497; x_wconf 76' lang='lat' dir='ltr'>Arnobii</span> <span class='ocrx_word' id='word_1_4' title='bbox 710 442 870 498; x_wconf 81' lang='lat' dir='ltr'>aduersus</span> <span class='ocrx_word' id='word_1_5' title='bbox 891 443 1042 497; x_wconf 79' lang='lat' dir='ltr'>nationes</span> 
     </span>
    </p>
   </div>
   <div class='ocr_carea' id='block_1_2' title="bbox 166 615 1448 3586">
    <p class='ocr_par' dir='ltr' id='par_1_2' title="bbox 166 615 1448 3586">
     <span class='ocr_line' id='line_1_2' title="bbox 244 615 1357 698; baseline 0.004 -21"><span class='ocrx_word' id='word_1_6' title='bbox 244 616 339 697; x_wconf 84' lang='lat' dir='ltr'>roget,</span> <span class='ocrx_word' id='word_1_7' title='bbox 362 633 415 679; x_wconf 90' lang='lat' dir='ltr'>cur</span> <span class='ocrx_word' id='word_1_8' title='bbox 436 632 539 680; x_wconf 90' lang='lat' dir='ltr'>eorum</span> <span class='ocrx_word' id='word_1_9' title='bbox 560 617 723 680; x_wconf 88' lang='lat' dir='ltr'>numinum</span> <span class='ocrx_word' id='word_1_10' title='bbox 745 633 874 698; x_wconf 93' lang='lat' dir='ltr'>quorum</span> <span class='ocrx_word' id='word_1_11' title='bbox 899 615 990 681; x_wconf 91' lang='lat' dir='ltr'>modo</span> <span class='ocrx_word' id='word_1_12' title='bbox 1011 617 1139 681; x_wconf 80' lang='lat' dir='ltr'><strong>fecimus</strong></span> <span class='ocrx_word' id='word_1_13' title='bbox 1165 617 1357 683; x_wconf 86' lang='lat' dir='ltr'>montionem</span> 
     </span>
     <span class='ocr_line' id='line_1_3' title="bbox 245 717 1358 802; baseline 0.001 -18"><span class='ocrx_word' id='word_1_14' title='bbox 245 722 310 784; x_wconf 88' lang='lat' dir='ltr'>tam</span> <span class='ocrx_word' id='word_1_15' title='bbox 332 736 397 784; x_wconf 89' lang='lat' dir='ltr'>sero</span> <span class='ocrx_word' id='word_1_16' title='bbox 420 718 614 802; x_wconf 79' lang='lat' dir='ltr'>susceperitis</span> <span class='ocrx_word' id='word_1_17' title='bbox 637 720 765 798; x_wconf 90' lang='lat' dir='ltr'>cultum,</span> <span class='ocrx_word' id='word_1_18' title='bbox 787 736 983 800; x_wconf 83' lang='lat' dir='ltr'>responsuros</span> <span class='ocrx_word' id='word_1_19' title='bbox 1005 737 1059 784; x_wconf 90' lang='lat' dir='ltr'>uos</span> <span class='ocrx_word' id='word_1_20' title='bbox 1075 717 1194 784; x_wconf 89' lang='lat' dir='ltr'>certum</span> <span class='ocrx_word' id='word_1_21' title='bbox 1216 721 1278 785; x_wconf 90' lang='lat' dir='ltr'>est:</span> <span class='ocrx_word' id='word_1_22' title='bbox 1301 722 1358 785; x_wconf 85' lang='lat' dir='ltr'>aut</span> 
     </span>
     <span class='ocr_line' id='line_1_4' title="bbox 246 821 1448 910; baseline 0.001 -23"><span class='ocrx_word' id='word_1_23' title='bbox 246 821 319 904; x_wconf 90' lang='lat' dir='ltr'>quia</span> <span class='ocrx_word' id='word_1_24' title='bbox 339 822 409 886; x_wconf 91' lang='lat' dir='ltr'>illos</span> <span class='ocrx_word' id='word_1_25' title='bbox 432 840 528 903; x_wconf 88' lang='lat' dir='ltr'>nuper</span> <span class='ocrx_word' id='word_1_26' title='bbox 549 824 674 888; x_wconf 81' lang='lat' dir='ltr'>deorum</span> <span class='ocrx_word' id='word_1_27' title='bbox 697 841 762 888; x_wconf 89' lang='lat' dir='ltr'>esse</span> <span class='ocrx_word' id='word_1_28' title='bbox 776 823 809 887; x_wconf 93' lang='lat' dir='ltr'>in</span> <span class='ocrx_word' id='word_1_29' title='bbox 823 839 949 888; x_wconf 92' lang='lat' dir='ltr'>numero</span> <span class='ocrx_word' id='word_1_30' title='bbox 965 822 1185 902; x_wconf 79' lang='lat' dir='ltr'>nesciebamus,</span> <span class='ocrx_word' id='word_1_31' title='bbox 1208 823 1263 888; x_wconf 90' lang='lat' dir='ltr'>aut</span> <span class='ocrx_word' id='word_1_32' title='bbox 1282 822 1359 905; x_wconf 90' lang='lat' dir='ltr'>quia</span> <span class='ocrx_word' id='word_1_33' title='bbox 1447 871 1448 910; x_wconf 45' lang='lat' dir='ltr'>q</span> 
     </span>
     <span class='ocr_line' id='line_1_5' title="bbox 244 924 1358 1007; baseline 0.001 -18"><span class='ocrx_word' id='word_1_34' title='bbox 244 944 324 990; x_wconf 91' lang='lat' dir='ltr'>nunc</span> <span class='ocrx_word' id='word_1_35' title='bbox 338 943 443 989; x_wconf 88' lang='lat' dir='ltr'>sumus</span> <span class='ocrx_word' id='word_1_36' title='bbox 458 924 611 990; x_wconf 84' lang='lat' dir='ltr'>auctibus</span> <span class='ocrx_word' id='word_1_37' title='bbox 626 925 744 1003; x_wconf 85' lang='lat' dir='ltr'>moniti,</span> <span class='ocrx_word' id='word_1_38' title='bbox 765 927 819 990; x_wconf 90' lang='lat' dir='ltr'>aut</span> <span class='ocrx_word' id='word_1_39' title='bbox 834 926 906 1007; x_wconf 91' lang='lat' dir='ltr'>quia</span> <span class='ocrx_word' id='word_1_40' title='bbox 919 925 952 989; x_wconf 90' lang='lat' dir='ltr'>in</span> <span class='ocrx_word' id='word_1_41' title='bbox 967 926 1058 991; x_wconf 89' lang='lat' dir='ltr'>rebus</span> <span class='ocrx_word' id='word_1_42' title='bbox 1073 925 1247 1007; x_wconf 81' lang='lat' dir='ltr'>asperrimis</span> <span class='ocrx_word' id='word_1_43' title='bbox 1262 926 1358 990; x_wconf 90' lang='lat' dir='ltr'>beno-</span> 
     </span>
     <span class='ocr_line' id='line_1_6' title="bbox 245 1019 1448 1111; baseline -0.003 -19"><span class='ocrx_word' id='word_1_44' title='bbox 245 1028 322 1093; x_wconf 90' lang='lat' dir='ltr'>ficiis</span> <span class='ocrx_word' id='word_1_45' title='bbox 344 1047 448 1094; x_wconf 89' lang='lat' dir='ltr'>eorum</span> <span class='ocrx_word' id='word_1_46' title='bbox 470 1047 575 1093; x_wconf 89' lang='lat' dir='ltr'>sumus</span> <span class='ocrx_word' id='word_1_47' title='bbox 594 1029 774 1111; x_wconf 82' lang='lat' dir='ltr'>auxiliisque</span> <span class='ocrx_word' id='word_1_48' title='bbox 795 1029 919 1094; x_wconf 87' lang='lat' dir='ltr'>seruati.</span> <span class='ocrx_word' id='word_1_49' title='bbox 942 1029 1049 1110; x_wconf 91' lang='lat' dir='ltr'>quodsi</span> <span class='ocrx_word' id='word_1_50' title='bbox 1070 1029 1127 1094; x_wconf 92' lang='lat' dir='ltr'>hoc</span> <span class='ocrx_word' id='word_1_51' title='bbox 1142 1048 1160 1093; x_wconf 88' lang='lat' dir='ltr'>a</span> <span class='ocrx_word' id='word_1_52' title='bbox 1174 1029 1261 1093; x_wconf 90' lang='lat' dir='ltr'>uobis</span> <span class='ocrx_word' id='word_1_53' title='bbox 1275 1031 1359 1094; x_wconf 87' lang='lat' dir='ltr'>recte</span> <span class='ocrx_word' id='word_1_54' title='bbox 1382 1050 1395 1088; x_wconf 72' lang='lat' dir='ltr'>s</span> <span class='ocrx_word' id='word_1_55' title='bbox 1447 1019 1448 1038; x_wconf 26' lang='grc'><strong>1</strong></span> 
     </span>
     <span class='ocr_line' id='line_1_7' title="bbox 245 1115 1360 1222; baseline -0.001 -26"><span class='ocrx_word' id='word_1_56' title='bbox 245 1132 460 1197; x_wconf 67' lang='lat' dir='ltr'>assensuros</span> <span class='ocrx_word' id='word_1_57' title='bbox 475 1132 545 1215; x_wconf 75' lang='lat' dir='ltr'>osor,</span> <span class='ocrx_word' id='word_1_58' title='bbox 561 1115 592 1196; x_wconf 74' lang='lat' dir='ltr'>io</span> <span class='ocrx_word' id='word_1_59' title='bbox 613 1151 649 1198; x_wconf 76' lang='lat'>01</span> <span class='ocrx_word' id='word_1_60' title='bbox 669 1132 780 1198; x_wconf 78' lang='lat' dir='ltr'>nostris</span> <span class='ocrx_word' id='word_1_61' title='bbox 802 1133 942 1216; x_wconf 82' lang='lat' dir='ltr'>partibus</span> <span class='ocrx_word' id='word_1_62' title='bbox 956 1132 1072 1222; x_wconf 64' lang='lat' dir='ltr'>ressone</span> <span class='ocrx_word' id='word_1_63' title='bbox 1087 1132 1239 1196; x_wconf 64' lang='lat' dir='ltr'>enimin</span> <span class='ocrx_word' id='word_1_64' title='bbox 1254 1133 1360 1197; x_wconf 75' lang='lat' dir='ltr'>onse-</span> 
     </span>
     <span class='ocr_line' id='line_1_8' title="bbox 244 1231 1360 1319; baseline -0.002 -18"><span class='ocrx_word' id='word_1_65' title='bbox 244 1237 361 1301; x_wconf 89' lang='lat' dir='ltr'>rnatote</span> <span class='ocrx_word' id='word_1_66' title='bbox 377 1255 441 1300; x_wconf 90' lang='lat' dir='ltr'>esse</span> <span class='ocrx_word' id='word_1_67' title='bbox 455 1253 641 1316; x_wconf 89' lang='lat' dir='ltr'>responsum.</span> <span class='ocrx_word' id='word_1_68' title='bbox 665 1237 772 1319; x_wconf 82' lang='lat' dir='ltr'>religio</span> <span class='ocrx_word' id='word_1_69' title='bbox 793 1239 899 1301; x_wconf 89' lang='lat' dir='ltr'>nostra</span> <span class='ocrx_word' id='word_1_70' title='bbox 914 1255 994 1300; x_wconf 91' lang='lat' dir='ltr'>nunc</span> <span class='ocrx_word' id='word_1_71' title='bbox 1009 1237 1080 1300; x_wconf 87' lang='lat' dir='ltr'>nata</span> <span class='ocrx_word' id='word_1_72' title='bbox 1095 1237 1157 1302; x_wconf 88' lang='lat' dir='ltr'>est:</span> <span class='ocrx_word' id='word_1_73' title='bbox 1180 1231 1260 1300; x_wconf 83' lang='lat' dir='ltr'>nunc</span> <span class='ocrx_word' id='word_1_74' title='bbox 1275 1235 1360 1299; x_wconf 90' lang='lat' dir='ltr'>enim</span> 
     </span>
     <span class='ocr_line' id='line_1_9' title="bbox 245 1335 1360 1420; baseline -0.002 -17"><span class='ocrx_word' id='word_1_75' title='bbox 245 1339 358 1404; x_wconf 87' lang='lat' dir='ltr'>missus</span> <span class='ocrx_word' id='word_1_76' title='bbox 380 1339 504 1403; x_wconf 85' lang='lat' dir='ltr'>aduenit</span> <span class='ocrx_word' id='word_1_77' title='bbox 526 1339 577 1420; x_wconf 89' lang='lat' dir='ltr'>qui</span> <span class='ocrx_word' id='word_1_78' title='bbox 600 1358 666 1403; x_wconf 89' lang='lat' dir='ltr'>eam</span> <span class='ocrx_word' id='word_1_79' title='bbox 687 1335 773 1404; x_wconf 85' lang='lat' dir='ltr'>nobis</span> <span class='ocrx_word' id='word_1_80' title='bbox 796 1340 977 1416; x_wconf 81' lang='lat' dir='ltr'>ostenderet,</span> <span class='ocrx_word' id='word_1_81' title='bbox 999 1338 1052 1420; x_wconf 92' lang='lat' dir='ltr'>qui</span> <span class='ocrx_word' id='word_1_82' title='bbox 1072 1339 1105 1402; x_wconf 93' lang='lat' dir='ltr'>in</span> <span class='ocrx_word' id='word_1_83' title='bbox 1120 1341 1184 1405; x_wconf 88' lang='lat' dir='ltr'>aius</span> <span class='ocrx_word' id='word_1_84' title='bbox 1199 1337 1360 1402; x_wconf 84' lang='lat' dir='ltr'>induceret</span> 
     </span>
     <span class='ocr_line' id='line_1_10' title="bbox 245 1440 1361 1524; baseline 0 -18"><span class='ocrx_word' id='word_1_85' title='bbox 245 1443 419 1519; x_wconf 87' lang='lat' dir='ltr'>ueritatem,</span> <span class='ocrx_word' id='word_1_86' title='bbox 442 1441 494 1523; x_wconf 90' lang='lat' dir='ltr'>qui</span> <span class='ocrx_word' id='word_1_87' title='bbox 510 1443 583 1507; x_wconf 85' lang='lat' dir='ltr'>deuo</span> <span class='ocrx_word' id='word_1_88' title='bbox 597 1443 779 1507; x_wconf 87' lang='lat' dir='ltr'>monstraret</span> <span class='ocrx_word' id='word_1_89' title='bbox 801 1442 875 1524; x_wconf 88' lang='lat' dir='ltr'>quid</span> <span class='ocrx_word' id='word_1_90' title='bbox 890 1441 940 1520; x_wconf 92' lang='lat' dir='ltr'>sit,</span> <span class='ocrx_word' id='word_1_91' title='bbox 964 1443 1016 1522; x_wconf 92' lang='lat' dir='ltr'>qui</span> <span class='ocrx_word' id='word_1_92' title='bbox 1032 1443 1070 1506; x_wconf 86' lang='lat' dir='ltr'>ad</span> <span class='ocrx_word' id='word_1_93' title='bbox 1085 1443 1150 1506; x_wconf 89' lang='lat' dir='ltr'>eius</span> <span class='ocrx_word' id='word_1_94' title='bbox 1165 1459 1220 1505; x_wconf 89' lang='lat' dir='ltr'>nos</span> <span class='ocrx_word' id='word_1_95' title='bbox 1236 1440 1361 1506; x_wconf 89' lang='lat' dir='ltr'>cultum</span> 
     </span>
     <span class='ocr_line' id='line_1_11' title="bbox 197 1536 1448 1634; baseline -0.002 -26"><span class='ocrx_word' id='word_1_96' title='bbox 197 1536 390 1608; x_wconf 74' lang='grc'><strong>7401000100</strong></span> <span class='ocrx_word' id='word_1_97' title='bbox 406 1545 609 1626; x_wconf 88' lang='lat' dir='ltr'>opinabilibus</span> <span class='ocrx_word' id='word_1_98' title='bbox 632 1548 782 1610; x_wconf 88' lang='lat' dir='ltr'>auocaret.</span> <span class='ocrx_word' id='word_1_99' title='bbox 816 1548 847 1610; x_wconf 90' lang='lat' dir='ltr'>ot</span> <span class='ocrx_word' id='word_1_100' title='bbox 869 1547 952 1628; x_wconf 86' lang='lat' dir='ltr'>quid,</span> <span class='ocrx_word' id='word_1_101' title='bbox 974 1546 1085 1627; x_wconf 86' lang='lat' dir='ltr'>inquit,</span> <span class='ocrx_word' id='word_1_102' title='bbox 1108 1549 1154 1610; x_wconf 93' lang='lat' dir='ltr'>est</span> <span class='ocrx_word' id='word_1_103' title='bbox 1176 1545 1279 1609; x_wconf 90' lang='lat' dir='ltr'>uisum</span> <span class='ocrx_word' id='word_1_104' title='bbox 1303 1545 1396 1610; x_wconf 83' lang='lat' dir='ltr'>deoro</span> <span class='ocrx_word' id='word_1_105' title='bbox 1447 1565 1448 1634; x_wconf 68' lang='lat' dir='ltr'>q</span> 
     </span>
     <span class='ocr_line' id='line_1_12' title="bbox 247 1643 1448 1731; baseline 0.002 -20"><span class='ocrx_word' id='word_1_106' title='bbox 247 1647 314 1730; x_wconf 87' lang='lat' dir='ltr'>regi</span> <span class='ocrx_word' id='word_1_107' title='bbox 337 1665 371 1710; x_wconf 94' lang='lat' dir='ltr'>ac</span> <span class='ocrx_word' id='word_1_108' title='bbox 392 1647 530 1728; x_wconf 83' lang='lat' dir='ltr'>principi,</span> <span class='ocrx_word' id='word_1_109' title='bbox 553 1649 589 1711; x_wconf 94' lang='lat' dir='ltr'>ut</span> <span class='ocrx_word' id='word_1_110' title='bbox 610 1651 681 1711; x_wconf 87' lang='lat' dir='ltr'>anto</span> <span class='ocrx_word' id='word_1_111' title='bbox 701 1648 800 1726; x_wconf 85' lang='lat' dir='ltr'>horas,</span> <span class='ocrx_word' id='word_1_112' title='bbox 824 1647 1079 1730; x_wconf 78' lang='lat' dir='ltr'>quemadmodum</span> <span class='ocrx_word' id='word_1_113' title='bbox 1095 1647 1218 1727; x_wconf 84' lang='lat' dir='ltr'>dicitur,</span> <span class='ocrx_word' id='word_1_114' title='bbox 1240 1666 1360 1731; x_wconf 92' lang='lat' dir='ltr'>paucu-</span> <span class='ocrx_word' id='word_1_115' title='bbox 1447 1643 1448 1728; x_wconf 56' lang='grc'><strong>1</strong></span> 
     </span>
     <span class='ocr_line' id='line_1_13' title="bbox 247 1749 1361 1831; baseline 0.002 -17"><span class='ocrx_word' id='word_1_116' title='bbox 247 1750 295 1815; x_wconf 88' lang='lat' dir='ltr'>las</span> <span class='ocrx_word' id='word_1_117' title='bbox 310 1750 473 1831; x_wconf 80' lang='lat' dir='ltr'>sospitator</span> <span class='ocrx_word' id='word_1_118' title='bbox 488 1751 527 1816; x_wconf 84' lang='lat' dir='ltr'>ad</span> <span class='ocrx_word' id='word_1_119' title='bbox 541 1768 595 1814; x_wconf 91' lang='lat' dir='ltr'>uos</span> <span class='ocrx_word' id='word_1_120' title='bbox 611 1749 751 1816; x_wconf 75' lang='lat' dir='ltr'>Christus</span> <span class='ocrx_word' id='word_1_121' title='bbox 766 1751 841 1815; x_wconf 90' lang='lat' dir='ltr'>caeli</span> <span class='ocrx_word' id='word_1_122' title='bbox 856 1771 891 1815; x_wconf 86' lang='lat' dir='ltr'>ex</span> <span class='ocrx_word' id='word_1_123' title='bbox 911 1751 1031 1816; x_wconf 88' lang='lat' dir='ltr'>arcibus</span> <span class='ocrx_word' id='word_1_124' title='bbox 1046 1751 1241 1816; x_wconf 72' lang='lat' dir='ltr'>mitteretur?</span> <span class='ocrx_word' id='word_1_125' title='bbox 1262 1751 1361 1816; x_wconf 87' lang='lat' dir='ltr'>inter·</span> 
     </span>
     <span class='ocr_line' id='line_1_14' title="bbox 247 1854 1361 1948; baseline 0 -30"><span class='ocrx_word' id='word_1_126' title='bbox 247 1873 391 1938; x_wconf 83' lang='lat' dir='ltr'>rogamus</span> <span class='ocrx_word' id='word_1_127' title='bbox 413 1857 444 1918; x_wconf 91' lang='lat' dir='ltr'>et</span> <span class='ocrx_word' id='word_1_128' title='bbox 464 1872 518 1918; x_wconf 90' lang='lat' dir='ltr'>nos</span> <span class='ocrx_word' id='word_1_129' title='bbox 540 1856 658 1919; x_wconf 87' lang='lat' dir='ltr'>contra:</span> <span class='ocrx_word' id='word_1_130' title='bbox 691 1873 768 1936; x_wconf 90' lang='lat' dir='ltr'>quae</span> <span class='ocrx_word' id='word_1_131' title='bbox 797 1874 902 1933; x_wconf 81' lang='lat' dir='ltr'>causa,</span> <span class='ocrx_word' id='word_1_132' title='bbox 931 1872 1007 1937; x_wconf 90' lang='lat' dir='ltr'>quae</span> <span class='ocrx_word' id='word_1_133' title='bbox 1033 1855 1112 1948; x_wconf 74' lang='lat' dir='ltr'>ratio</span> <span class='ocrx_word' id='word_1_134' title='bbox 1139 1854 1201 1932; x_wconf 85' lang='lat' dir='ltr'>est,</span> <span class='ocrx_word' id='word_1_135' title='bbox 1230 1855 1267 1918; x_wconf 91' lang='lat' dir='ltr'>ut</span> <span class='ocrx_word' id='word_1_136' title='bbox 1299 1871 1361 1918; x_wconf 91' lang='lat' dir='ltr'>non</span> 
     </span>
     <span class='ocr_line' id='line_1_15' title="bbox 248 1956 1448 2040; baseline 0 -19"><span class='ocrx_word' id='word_1_137' title='bbox 248 1956 312 2021; x_wconf 89' lang='lat' dir='ltr'>suis</span> <span class='ocrx_word' id='word_1_138' title='bbox 334 1957 496 2038; x_wconf 89' lang='lat' dir='ltr'>aliquando</span> <span class='ocrx_word' id='word_1_139' title='bbox 518 1956 685 2022; x_wconf 88' lang='lat' dir='ltr'>reddantur</span> <span class='ocrx_word' id='word_1_140' title='bbox 706 1957 862 2023; x_wconf 90' lang='lat' dir='ltr'>mensibus</span> <span class='ocrx_word' id='word_1_141' title='bbox 877 1958 1025 2040; x_wconf 88' lang='lat' dir='ltr'>tempora,</span> <span class='ocrx_word' id='word_1_142' title='bbox 1050 1957 1103 2022; x_wconf 86' lang='lat' dir='ltr'>sed</span> <span class='ocrx_word' id='word_1_143' title='bbox 1118 1957 1216 2022; x_wconf 90' lang='lat' dir='ltr'>serius</span> <span class='ocrx_word' id='word_1_144' title='bbox 1231 1956 1360 2033; x_wconf 81' lang='lat' dir='ltr'>hiemes,</span> <span class='ocrx_word' id='word_1_145' title='bbox 1447 1991 1448 2038; x_wconf 47' lang='grc' dir='ltr'>ι</span> 
     </span>
     <span class='ocr_line' id='line_1_16' title="bbox 248 2059 1396 2142; baseline -0.001 -17"><span class='ocrx_word' id='word_1_146' title='bbox 248 2061 345 2125; x_wconf 89' lang='lat' dir='ltr'>serius</span> <span class='ocrx_word' id='word_1_147' title='bbox 369 2061 468 2125; x_wconf 89' lang='lat' dir='ltr'>aestas</span> <span class='ocrx_word' id='word_1_148' title='bbox 490 2061 582 2141; x_wconf 90' lang='lat' dir='ltr'>atque</span> <span class='ocrx_word' id='word_1_149' title='bbox 604 2061 794 2125; x_wconf 85' lang='lat' dir='ltr'>autumnitas</span> <span class='ocrx_word' id='word_1_150' title='bbox 807 2060 906 2126; x_wconf 78' lang='lat' dir='ltr'>fiant?</span> <span class='ocrx_word' id='word_1_151' title='bbox 928 2079 981 2125; x_wconf 91' lang='lat' dir='ltr'>cur</span> <span class='ocrx_word' id='word_1_152' title='bbox 995 2061 1065 2142; x_wconf 92' lang='lat' dir='ltr'>post</span> <span class='ocrx_word' id='word_1_153' title='bbox 1079 2077 1193 2126; x_wconf 91' lang='lat' dir='ltr'>messes</span> <span class='ocrx_word' id='word_1_154' title='bbox 1209 2059 1396 2125; x_wconf 70' lang='lat' dir='ltr'>metastasis</span> 
     </span>
     <span class='ocr_line' id='line_1_17' title="bbox 249 2147 1362 2245; baseline 0.001 -17"><span class='ocrx_word' id='word_1_155' title='bbox 249 2167 339 2244; x_wconf 89' lang='lat' dir='ltr'>atque</span> <span class='ocrx_word' id='word_1_156' title='bbox 362 2162 495 2227; x_wconf 82' lang='lat' dir='ltr'>extincta</span> <span class='ocrx_word' id='word_1_157' title='bbox 516 2163 671 2228; x_wconf 84' lang='lat' dir='ltr'>frumenta</span> <span class='ocrx_word' id='word_1_158' title='bbox 692 2181 921 2245; x_wconf 84' lang='lat' dir='ltr'>nonnumquam</span> <span class='ocrx_word' id='word_1_159' title='bbox 944 2164 1086 2229; x_wconf 89' lang='lat' dir='ltr'>decidant</span> <span class='ocrx_word' id='word_1_160' title='bbox 1113 2147 1263 2245; x_wconf 45' lang='lat' dir='ltr'>pluuias(</span> <span class='ocrx_word' id='word_1_161' title='bbox 1283 2179 1362 2243; x_wconf 83' lang='lat' dir='ltr'>quas</span> 
     </span>
     <span class='ocr_line' id='line_1_18' title="bbox 249 2265 1361 2350; baseline 0 -20"><span class='ocrx_word' id='word_1_162' title='bbox 249 2266 338 2330; x_wconf 90' lang='lat' dir='ltr'>rebus</span> <span class='ocrx_word' id='word_1_163' title='bbox 366 2265 502 2346; x_wconf 90' lang='lat' dir='ltr'>oportuit</span> <span class='ocrx_word' id='word_1_164' title='bbox 528 2266 732 2331; x_wconf 78' lang='lat' dir='ltr'>incolumibus</span> <span class='ocrx_word' id='word_1_165' title='bbox 760 2266 825 2332; x_wconf 89' lang='lat' dir='ltr'>labi</span> <span class='ocrx_word' id='word_1_166' title='bbox 847 2268 878 2332; x_wconf 90' lang='lat' dir='ltr'>et</span> <span class='ocrx_word' id='word_1_167' title='bbox 900 2267 1048 2350; x_wconf 89' lang='lat' dir='ltr'>temporis</span> <span class='ocrx_word' id='word_1_168' title='bbox 1076 2265 1361 2350; x_wconf 87' lang='lat' dir='ltr'>opportunitatibus</span> 
     </span>
     <span class='ocr_line' id='line_1_19' title="bbox 166 2367 1362 2455; baseline 0 -23"><span class='ocrx_word' id='word_1_169' title='bbox 166 2369 240 2422; x_wconf 68' lang='lat' dir='ltr'>t62b</span> <span class='ocrx_word' id='word_1_170' title='bbox 249 2368 442 2433; x_wconf 82' lang='lat' dir='ltr'>ministrari?</span> <span class='ocrx_word' id='word_1_171' title='bbox 464 2368 558 2433; x_wconf 91' lang='lat' dir='ltr'>immo</span> <span class='ocrx_word' id='word_1_172' title='bbox 580 2369 660 2434; x_wconf 89' lang='lat' dir='ltr'>illud</span> <span class='ocrx_word' id='word_1_173' title='bbox 682 2369 867 2451; x_wconf 84' lang='lat' dir='ltr'>exquirimus</span> <span class='ocrx_word' id='word_1_174' title='bbox 892 2369 897 2455; x_wconf 89' lang='grc' dir='ltr'>Ι</span> <span class='ocrx_word' id='word_1_175' title='bbox 921 2371 1034 2452; x_wconf 87' lang='lat' dir='ltr'>potius,</span> <span class='ocrx_word' id='word_1_176' title='bbox 1057 2390 1120 2449; x_wconf 90' lang='lat' dir='ltr'>cur,</span> <span class='ocrx_word' id='word_1_177' title='bbox 1144 2371 1170 2435; x_wconf 89' lang='lat' dir='ltr'>si</span> <span class='ocrx_word' id='word_1_178' title='bbox 1192 2367 1362 2433; x_wconf 89' lang='lat' dir='ltr'>Herculem</span> 
     </span>
     <span class='ocr_line' id='line_1_20' title="bbox 249 2472 1361 2555; baseline 0.001 -21"><span class='ocrx_word' id='word_1_179' title='bbox 249 2472 384 2553; x_wconf 91' lang='lat' dir='ltr'>oportuit</span> <span class='ocrx_word' id='word_1_180' title='bbox 410 2473 507 2550; x_wconf 87' lang='lat' dir='ltr'>nasci,</span> <span class='ocrx_word' id='word_1_181' title='bbox 541 2472 569 2536; x_wconf 89' lang='lat' dir='ltr'>si</span> <span class='ocrx_word' id='word_1_182' title='bbox 591 2472 808 2555; x_wconf 88' lang='lat' dir='ltr'>Aesculapium</span> <span class='ocrx_word' id='word_1_183' title='bbox 837 2473 1023 2538; x_wconf 89' lang='lat' dir='ltr'>Mercurium</span> <span class='ocrx_word' id='word_1_184' title='bbox 1050 2473 1195 2538; x_wconf 88' lang='lat' dir='ltr'>Liberum</span> <span class='ocrx_word' id='word_1_185' title='bbox 1223 2472 1361 2553; x_wconf 84' lang='lat' dir='ltr'>aliosque</span> 
     </span>
     <span class='ocr_line' id='line_1_21' title="bbox 249 2573 1401 2661; baseline -0.003 -22"><span class='ocrx_word' id='word_1_186' title='bbox 249 2575 417 2654; x_wconf 89' lang='lat' dir='ltr'>nonnullos,</span> <span class='ocrx_word' id='word_1_187' title='bbox 440 2577 493 2657; x_wconf 88' lang='lat' dir='ltr'>qui</span> <span class='ocrx_word' id='word_1_188' title='bbox 514 2579 545 2640; x_wconf 88' lang='lat' dir='ltr'>ct</span> <span class='ocrx_word' id='word_1_189' title='bbox 567 2575 703 2641; x_wconf 88' lang='lat' dir='ltr'>conciliis</span> <span class='ocrx_word' id='word_1_190' title='bbox 725 2576 964 2661; x_wconf 85' lang='lat' dir='ltr'>adiungerentur</span> <span class='ocrx_word' id='word_1_191' title='bbox 985 2578 1156 2642; x_wconf 85' lang='lat' dir='ltr'>deorumst</span> <span class='ocrx_word' id='word_1_192' title='bbox 1175 2573 1401 2640; x_wconf 77' lang='lat' dir='ltr'>mortalibusao</span> 
     </span>
     <span class='ocr_line' id='line_1_22' title="bbox 250 2677 1363 2760; baseline -0.001 -19"><span class='ocrx_word' id='word_1_193' title='bbox 250 2678 365 2760; x_wconf 89' lang='lat' dir='ltr'>aliquid</span> <span class='ocrx_word' id='word_1_194' title='bbox 393 2678 539 2742; x_wconf 88' lang='lat' dir='ltr'>utilitatis</span> <span class='ocrx_word' id='word_1_195' title='bbox 568 2679 733 2755; x_wconf 76' lang='lat' dir='ltr'>alienent,</span> <span class='ocrx_word' id='word_1_196' title='bbox 762 2681 827 2743; x_wconf 92' lang='lat' dir='ltr'>tam</span> <span class='ocrx_word' id='word_1_197' title='bbox 854 2697 919 2744; x_wconf 90' lang='lat' dir='ltr'>sero</span> <span class='ocrx_word' id='word_1_198' title='bbox 943 2699 961 2744; x_wconf 88' lang='lat' dir='ltr'>a</span> <span class='ocrx_word' id='word_1_199' title='bbox 982 2679 1055 2744; x_wconf 91' lang='lat' dir='ltr'>Ioue</span> <span class='ocrx_word' id='word_1_200' title='bbox 1083 2679 1147 2742; x_wconf 89' lang='lat' dir='ltr'>sint</span> <span class='ocrx_word' id='word_1_201' title='bbox 1169 2677 1300 2760; x_wconf 88' lang='lat' dir='ltr'>proditi,</span> <span class='ocrx_word' id='word_1_202' title='bbox 1325 2677 1363 2740; x_wconf 88' lang='lat' dir='ltr'>ut</span> 
     </span>
     <span class='ocr_line' id='line_1_23' title="bbox 250 2779 1364 2865; baseline -0.004 -19"><span class='ocrx_word' id='word_1_203' title='bbox 250 2779 315 2846; x_wconf 92' lang='lat' dir='ltr'>sola</span> <span class='ocrx_word' id='word_1_204' title='bbox 337 2780 406 2848; x_wconf 91' lang='lat' dir='ltr'>illos</span> <span class='ocrx_word' id='word_1_205' title='bbox 428 2781 589 2863; x_wconf 89' lang='lat' dir='ltr'>posteritas</span> <span class='ocrx_word' id='word_1_206' title='bbox 612 2781 718 2858; x_wconf 86' lang='lat' dir='ltr'>sciret,</span> <span class='ocrx_word' id='word_1_207' title='bbox 741 2781 931 2863; x_wconf 89' lang='lat' dir='ltr'>superiorum</span> <span class='ocrx_word' id='word_1_208' title='bbox 953 2800 1025 2846; x_wconf 90' lang='lat' dir='ltr'>uero</span> <span class='ocrx_word' id='word_1_209' title='bbox 1046 2782 1202 2865; x_wconf 84' lang='lat' dir='ltr'>ignoraret</span> <span class='ocrx_word' id='word_1_210' title='bbox 1224 2779 1364 2861; x_wconf 89' lang='lat' dir='ltr'>antiqui·</span> 
     </span>
     <span class='ocr_line' id='line_1_24' title="bbox 249 2869 1362 2968; baseline -0.003 -20"><span class='ocrx_word' id='word_1_211' title='bbox 249 2886 321 2948; x_wconf 78' lang='lat' dir='ltr'>tas?</span> <span class='ocrx_word' id='word_1_212' title='bbox 353 2883 503 2948; x_wconf 90' lang='lat' dir='ltr'>rationem</span> <span class='ocrx_word' id='word_1_213' title='bbox 530 2883 666 2966; x_wconf 90' lang='lat' dir='ltr'>aliquam</span> <span class='ocrx_word' id='word_1_214' title='bbox 694 2883 790 2950; x_wconf 90' lang='lat' dir='ltr'>fuisse</span> <span class='ocrx_word' id='word_1_215' title='bbox 811 2869 931 2949; x_wconf 83' lang='lat' dir='ltr'>dicetis.</span> <span class='ocrx_word' id='word_1_216' title='bbox 966 2885 1045 2949; x_wconf 89' lang='lat' dir='ltr'>ratio</span> <span class='ocrx_word' id='word_1_217' title='bbox 1067 2903 1139 2968; x_wconf 83' lang='lat' dir='ltr'>ergo</span> <span class='ocrx_word' id='word_1_218' title='bbox 1162 2885 1194 2947; x_wconf 90' lang='lat' dir='ltr'>et</span> <span class='ocrx_word' id='word_1_219' title='bbox 1215 2883 1265 2946; x_wconf 91' lang='lat' dir='ltr'>hic</span> <span class='ocrx_word' id='word_1_220' title='bbox 1287 2882 1362 2960; x_wconf 88' lang='lat' dir='ltr'>fuit,</span> 
     </span>
     <span class='ocr_line' id='line_1_25' title="bbox 245 2984 1362 3070; baseline -0.004 -19"><span class='ocrx_word' id='word_1_221' title='bbox 245 3005 304 3051; x_wconf 39' lang='lat' dir='ltr'>xcur</span> <span class='ocrx_word' id='word_1_222' title='bbox 330 3004 389 3053; x_wconf 89' lang='lat' dir='ltr'>non</span> <span class='ocrx_word' id='word_1_223' title='bbox 417 3005 511 3068; x_wconf 91' lang='lat' dir='ltr'>nuper</span> <span class='ocrx_word' id='word_1_224' title='bbox 539 2987 591 3051; x_wconf 87' lang='lat' dir='ltr'>sed</span> <span class='ocrx_word' id='word_1_225' title='bbox 616 2986 704 3051; x_wconf 86' lang='lat' dir='ltr'>hodie</span> <span class='ocrx_word' id='word_1_226' title='bbox 734 2987 898 3068; x_wconf 87' lang='lat' dir='ltr'>sospitator</span> <span class='ocrx_word' id='word_1_227' title='bbox 926 2987 1023 3050; x_wconf 85' lang='lat' dir='ltr'>nostri</span> <span class='ocrx_word' id='word_1_228' title='bbox 1049 2987 1169 3070; x_wconf 87' lang='lat' dir='ltr'>generis</span> <span class='ocrx_word' id='word_1_229' title='bbox 1191 2984 1362 3050; x_wconf 84' lang='lat' dir='ltr'>adueniret.</span> 
     </span>
     <span class='ocr_line' id='line_1_26' title="bbox 251 3088 1403 3174; baseline -0.006 -20"><span class='ocrx_word' id='word_1_230' title='bbox 251 3108 400 3172; x_wconf 90' lang='lat' dir='ltr'>quaenam</span> <span class='ocrx_word' id='word_1_231' title='bbox 421 3090 519 3174; x_wconf 85' lang='lat' dir='ltr'>igitur</span> <span class='ocrx_word' id='word_1_232' title='bbox 539 3091 618 3155; x_wconf 90' lang='lat' dir='ltr'>ratio</span> <span class='ocrx_word' id='word_1_233' title='bbox 641 3093 710 3156; x_wconf 83' lang='lat' dir='ltr'>est?</span> <span class='ocrx_word' id='word_1_234' title='bbox 731 3107 790 3154; x_wconf 90' lang='lat' dir='ltr'>non</span> <span class='ocrx_word' id='word_1_235' title='bbox 812 3090 894 3154; x_wconf 87' lang='lat' dir='ltr'>imus</span> <span class='ocrx_word' id='word_1_236' title='bbox 916 3088 1031 3154; x_wconf 89' lang='lat' dir='ltr'>infitias</span> <span class='ocrx_word' id='word_1_237' title='bbox 1046 3090 1162 3154; x_wconf 90' lang='lat' dir='ltr'>nescire</span> <span class='ocrx_word' id='word_1_238' title='bbox 1177 3107 1240 3153; x_wconf 89' lang='lat' dir='ltr'>nos.</span> <span class='ocrx_word' id='word_1_239' title='bbox 1263 3105 1403 3169; x_wconf 71' lang='lat' dir='ltr'>nequeas</span> 
     </span>
     <span class='ocr_line' id='line_1_27' title="bbox 251 3190 1448 3298; baseline -0.003 -41"><span class='ocrx_word' id='word_1_240' title='bbox 251 3195 333 3258; x_wconf 88' lang='lat' dir='ltr'>euim</span> <span class='ocrx_word' id='word_1_241' title='bbox 361 3194 536 3277; x_wconf 89' lang='lat' dir='ltr'>promptum</span> <span class='ocrx_word' id='word_1_242' title='bbox 566 3197 612 3259; x_wconf 90' lang='lat' dir='ltr'>est</span> <span class='ocrx_word' id='word_1_243' title='bbox 634 3194 776 3275; x_wconf 91' lang='lat' dir='ltr'>cuiquam</span> <span class='ocrx_word' id='word_1_244' title='bbox 798 3193 847 3256; x_wconf 87' lang='lat' dir='ltr'>dei</span> <span class='ocrx_word' id='word_1_245' title='bbox 869 3192 1004 3256; x_wconf 85' lang='lat' dir='ltr'>mentem</span> <span class='ocrx_word' id='word_1_246' title='bbox 1026 3192 1145 3271; x_wconf 87' lang='lat' dir='ltr'>nidere,</span> <span class='ocrx_word' id='word_1_247' title='bbox 1173 3195 1226 3255; x_wconf 85' lang='lat' dir='ltr'>aut</span> <span class='ocrx_word' id='word_1_248' title='bbox 1248 3190 1364 3273; x_wconf 91' lang='lat' dir='ltr'>quibus</span> <span class='ocrx_word' id='word_1_249' title='bbox 1447 3263 1448 3298; x_wconf 25' lang='grc'>1</span> 
     </span>
     <span class='ocr_line' id='line_1_28' title="bbox 251 3294 1448 3379; baseline -0.002 -19"><span class='ocrx_word' id='word_1_250' title='bbox 251 3295 349 3361; x_wconf 87' lang='lat' dir='ltr'>modis</span> <span class='ocrx_word' id='word_1_251' title='bbox 372 3296 557 3361; x_wconf 89' lang='lat' dir='ltr'>ordinauerit</span> <span class='ocrx_word' id='word_1_252' title='bbox 577 3314 624 3360; x_wconf 90' lang='lat' dir='ltr'>res</span> <span class='ocrx_word' id='word_1_253' title='bbox 647 3314 732 3373; x_wconf 89' lang='lat' dir='ltr'>suas,</span> <span class='ocrx_word' id='word_1_254' title='bbox 755 3296 844 3360; x_wconf 89' lang='lat' dir='ltr'>homo</span> <span class='ocrx_word' id='word_1_255' title='bbox 867 3294 982 3379; x_wconf 83' lang='lat' dir='ltr'>animal</span> <span class='ocrx_word' id='word_1_256' title='bbox 1004 3313 1127 3372; x_wconf 83' lang='lat' dir='ltr'>caecum</span> <span class='ocrx_word' id='word_1_257' title='bbox 1150 3295 1181 3358; x_wconf 91' lang='lat' dir='ltr'>et</span> <span class='ocrx_word' id='word_1_258' title='bbox 1202 3294 1306 3376; x_wconf 87' lang='lat' dir='ltr'>ipsum</span> <span class='ocrx_word' id='word_1_259' title='bbox 1330 3313 1365 3358; x_wconf 90' lang='lat' dir='ltr'>se</span> <span class='ocrx_word' id='word_1_260' title='bbox 1447 3301 1448 3318; x_wconf 57' lang='lat'><em>³</em></span> 
     </span>
     <span class='ocr_line' id='line_1_29' title="bbox 251 3395 1365 3482; baseline -0.004 -18"><span class='ocrx_word' id='word_1_261' title='bbox 251 3399 387 3464; x_wconf 89' lang='lat' dir='ltr'>nesciens</span> <span class='ocrx_word' id='word_1_262' title='bbox 414 3399 486 3463; x_wconf 90' lang='lat' dir='ltr'>ullis</span> <span class='ocrx_word' id='word_1_263' title='bbox 513 3401 614 3482; x_wconf 90' lang='lat' dir='ltr'>potest</span> <span class='ocrx_word' id='word_1_264' title='bbox 641 3398 813 3464; x_wconf 86' lang='lat' dir='ltr'>rationibus</span> <span class='ocrx_word' id='word_1_265' title='bbox 841 3398 997 3480; x_wconf 87' lang='lat' dir='ltr'>consequi:</span> <span class='ocrx_word' id='word_1_266' title='bbox 1031 3397 1104 3479; x_wconf 89' lang='lat' dir='ltr'>quid</span> <span class='ocrx_word' id='word_1_267' title='bbox 1125 3398 1263 3480; x_wconf 89' lang='lat' dir='ltr'>oporteat</span> <span class='ocrx_word' id='word_1_268' title='bbox 1285 3395 1365 3478; x_wconf 87' lang='lat' dir='ltr'>fieri,</span> 
     </span>
     <span class='ocr_line' id='line_1_30' title="bbox 202 3487 1365 3586; baseline -0.004 -19"><span class='ocrx_word' id='word_1_269' title='bbox 202 3569 206 3578; x_wconf 77' lang='grc'><strong>,</strong></span> <span class='ocrx_word' id='word_1_270' title='bbox 251 3503 371 3586; x_wconf 86' lang='lat' dir='ltr'>quando</span> <span class='ocrx_word' id='word_1_271' title='bbox 393 3504 443 3567; x_wconf 90' lang='lat' dir='ltr'>uel</span> <span class='ocrx_word' id='word_1_272' title='bbox 464 3520 523 3584; x_wconf 91' lang='lat' dir='ltr'>quo</span> <span class='ocrx_word' id='word_1_273' title='bbox 546 3520 663 3586; x_wconf 84' lang='lat' dir='ltr'>genere,</span> <span class='ocrx_word' id='word_1_274' title='bbox 685 3502 750 3585; x_wconf 91' lang='lat' dir='ltr'>ipse</span> <span class='ocrx_word' id='word_1_275' title='bbox 771 3487 874 3566; x_wconf 75' lang='lat' dir='ltr'>rerum</span> <span class='ocrx_word' id='word_1_276' title='bbox 896 3503 1076 3566; x_wconf 88' lang='lat' dir='ltr'>cunctarum</span> <span class='ocrx_word' id='word_1_277' title='bbox 1097 3501 1199 3582; x_wconf 86' lang='lat' dir='ltr'>pater,</span> <span class='ocrx_word' id='word_1_278' title='bbox 1222 3499 1365 3563; x_wconf 86' lang='lat' dir='ltr'>modera-</span> 
     </span>
    </p>
   </div>
   <div class='ocr_carea' id='block_1_3' title="bbox 252 3765 1448 4272">
    <p class='ocr_par' dir='ltr' id='par_1_3' title="bbox 252 3765 1448 4272">
     <span class='ocr_line' id='line_1_31' title="bbox 284 3765 1448 3840; baseline -0.002 -10"><span class='ocrx_word' id='word_1_279' title='bbox 284 3773 499 3830; x_wconf 83' lang='lat' dir='ltr'>3nesoiebamus</span> <span class='ocrx_word' id='word_1_280' title='bbox 516 3771 586 3827; x_wconf 79' lang='lat' dir='ltr'>Sub:</span> <span class='ocrx_word' id='word_1_281' title='bbox 607 3770 784 3826; x_wconf 68' lang='lat' dir='ltr'>loquebamur</span> <span class='ocrx_word' id='word_1_282' title='bbox 802 3771 830 3825; x_wconf 92' lang='lat' dir='ltr'><strong><em>P</em></strong></span> <span class='ocrx_word' id='word_1_283' title='bbox 925 3771 1008 3826; x_wconf 85' lang='lat' dir='ltr'>bhoc</span> <span class='ocrx_word' id='word_1_284' title='bbox 1026 3765 1114 3826; x_wconf 81' lang='lat' dir='ltr'>oddo</span> <span class='ocrx_word' id='word_1_285' title='bbox 1209 3770 1367 3840; x_wconf 78' lang='lat' dir='ltr'>sspatribus</span> <span class='ocrx_word' id='word_1_286' title='bbox 1447 3783 1448 3828; x_wconf 81' lang='grc'>1</span> 
     </span>
     <span class='ocr_line' id='line_1_32' title="bbox 253 3857 1368 3927; baseline -0.005 -11"><span class='ocrx_word' id='word_1_287' title='bbox 253 3861 352 3916; x_wconf 80' lang='lat' dir='ltr'>Pcorr</span> <span class='ocrx_word' id='word_1_288' title='bbox 446 3857 648 3914; x_wconf 72' lang='lat' dir='ltr'>8inducere‘P</span> <span class='ocrx_word' id='word_1_289' title='bbox 743 3858 777 3912; x_wconf 88' lang='lat'>10</span> <span class='ocrx_word' id='word_1_290' title='bbox 788 3858 952 3911; x_wconf 80' lang='lat' dir='ltr'>auocaretP</span> <span class='ocrx_word' id='word_1_291' title='bbox 1046 3857 1179 3927; x_wconf 83' lang='lat' dir='ltr'>inquidP</span> <span class='ocrx_word' id='word_1_292' title='bbox 1270 3857 1306 3910; x_wconf 94' lang='grc'>11</span> <span class='ocrx_word' id='word_1_293' title='bbox 1325 3859 1368 3910; x_wconf 78' lang='grc'>01-</span> 
     </span>
     <span class='ocr_line' id='line_1_33' title="bbox 252 3943 1369 4015; baseline -0.004 -15"><span class='ocrx_word' id='word_1_294' title='bbox 252 3947 376 4015; x_wconf 75' lang='grc'><strong>000801</strong></span> <span class='ocrx_word' id='word_1_295' title='bbox 486 3945 519 3998; x_wconf 86' lang='lat'>13</span> <span class='ocrx_word' id='word_1_296' title='bbox 536 3961 582 4000; x_wconf 88' lang='lat' dir='ltr'>uos</span> <span class='ocrx_word' id='word_1_297' title='bbox 600 3943 817 3999; x_wconf 78' lang='lat' dir='ltr'>Etmcooborstios</span> <span class='ocrx_word' id='word_1_298' title='bbox 930 3943 963 3997; x_wconf 81' lang='lat'>14</span> <span class='ocrx_word' id='word_1_299' title='bbox 979 3943 1070 4012; x_wconf 79' lang='lat' dir='ltr'>hyems</span> <span class='ocrx_word' id='word_1_300' title='bbox 1088 3943 1143 3998; x_wconf 79' lang='lat' dir='ltr'>Sub</span> <span class='ocrx_word' id='word_1_301' title='bbox 1255 3943 1289 3997; x_wconf 82' lang='lat'>15</span> <span class='ocrx_word' id='word_1_302' title='bbox 1306 3957 1369 3996; x_wconf 79' lang='lat' dir='ltr'>are-</span> 
     </span>
     <span class='ocr_line' id='line_1_34' title="bbox 253 4027 1331 4097; baseline -0.005 -11"><span class='ocrx_word' id='word_1_303' title='bbox 253 4033 337 4086; x_wconf 84' lang='lat' dir='ltr'>factas</span> <span class='ocrx_word' id='word_1_304' title='bbox 355 4031 425 4086; x_wconf 81' lang='lat' dir='ltr'>Sob:</span> <span class='ocrx_word' id='word_1_305' title='bbox 447 4031 562 4084; x_wconf 85' lang='lat' dir='ltr'>arefacta</span> <span class='ocrx_word' id='word_1_306' title='bbox 579 4032 606 4084; x_wconf 93' lang='lat' dir='ltr'><strong><em>P</em></strong></span> <span class='ocrx_word' id='word_1_307' title='bbox 729 4029 760 4081; x_wconf 82' lang='grc'>17</span> <span class='ocrx_word' id='word_1_308' title='bbox 779 4030 858 4097; x_wconf 85' lang='lat' dir='ltr'>atque</span> <span class='ocrx_word' id='word_1_309' title='bbox 875 4029 930 4084; x_wconf 77' lang='lat' dir='ltr'>Sub</span> <span class='ocrx_word' id='word_1_310' title='bbox 1057 4027 1251 4083; x_wconf 67' lang='grc' dir='ltr'><strong>1810010001οω</strong></span> <span class='ocrx_word' id='word_1_311' title='bbox 1268 4028 1297 4082; x_wconf 91' lang='lat' dir='ltr'><strong><em>P</em></strong></span> <span class='ocrx_word' id='word_1_312' title='bbox 1327 4033 1331 4040; x_wconf 86' lang='grc'><strong>“</strong></span> 
     </span>
     <span class='ocr_line' id='line_1_35' title="bbox 253 4113 1370 4186; baseline -0.004 -14"><span class='ocrx_word' id='word_1_313' title='bbox 253 4118 286 4172; x_wconf 90' lang='grc'><strong>19</strong></span> <span class='ocrx_word' id='word_1_314' title='bbox 304 4119 409 4186; x_wconf 91' lang='lat' dir='ltr'>opotuit</span> <span class='ocrx_word' id='word_1_315' title='bbox 425 4119 453 4172; x_wconf 91' lang='lat' dir='ltr'><em>P</em></span> <span class='ocrx_word' id='word_1_316' title='bbox 468 4133 561 4172; x_wconf 81' lang='lat' dir='ltr'>corre</span> <span class='ocrx_word' id='word_1_317' title='bbox 667 4115 701 4170; x_wconf 80' lang='lat'>25</span> <span class='ocrx_word' id='word_1_318' title='bbox 717 4115 788 4168; x_wconf 85' lang='lat' dir='ltr'>imus</span> <span class='ocrx_word' id='word_1_319' title='bbox 806 4113 876 4170; x_wconf 81' lang='lat' dir='ltr'>Sob:</span> <span class='ocrx_word' id='word_1_320' title='bbox 891 4115 979 4168; x_wconf 79' lang='lat' dir='ltr'>minus</span> <span class='ocrx_word' id='word_1_321' title='bbox 997 4117 1023 4166; x_wconf 93' lang='lat' dir='ltr'><strong><em>P</em></strong></span> <span class='ocrx_word' id='word_1_322' title='bbox 1127 4113 1244 4168; x_wconf 67' lang='lat' dir='ltr'>infiscias</span> <span class='ocrx_word' id='word_1_323' title='bbox 1262 4115 1370 4180; x_wconf 79' lang='grc'><strong>(0101</strong></span> 
     </span>
     <span class='ocr_line' id='line_1_36' title="bbox 253 4198 1371 4272; baseline -0.006 -14"><span class='ocrx_word' id='word_1_324' title='bbox 253 4219 315 4258; x_wconf 77' lang='lat' dir='ltr'>corr</span> <span class='ocrx_word' id='word_1_325' title='bbox 333 4205 365 4272; x_wconf 82' lang='lat' dir='ltr'>c‘)</span> <span class='ocrx_word' id='word_1_326' title='bbox 383 4205 411 4258; x_wconf 93' lang='lat' dir='ltr'><strong><em>P</em></strong></span> <span class='ocrx_word' id='word_1_327' title='bbox 509 4203 541 4256; x_wconf 75' lang='lat'>27</span> <span class='ocrx_word' id='word_1_328' title='bbox 559 4217 613 4270; x_wconf 85' lang='lat' dir='ltr'>sqq.</span> <span class='ocrx_word' id='word_1_329' title='bbox 631 4215 699 4255; x_wconf 87' lang='lat' dir='ltr'>suas.</span> <span class='ocrx_word' id='word_1_330' title='bbox 717 4199 793 4254; x_wconf 91' lang='lat' dir='ltr'>homo</span> <span class='ocrx_word' id='word_1_331' title='bbox 807 4201 942 4255; x_wconf 88' lang='lat' dir='ltr'>...nullis</span> <span class='ocrx_word' id='word_1_332' title='bbox 960 4202 1048 4268; x_wconf 87' lang='lat' dir='ltr'>potest</span> <span class='ocrx_word' id='word_1_333' title='bbox 1064 4198 1214 4254; x_wconf 89' lang='lat' dir='ltr'>rationibus</span> <span class='ocrx_word' id='word_1_334' title='bbox 1232 4199 1371 4268; x_wconf 87' lang='lat' dir='ltr'>consequi,</span> 
     </span>
    </p>
   </div>
   <div class='ocr_carea' id='block_1_4' title="bbox 257 4284 1373 4445">
    <p class='ocr_par' dir='ltr' id='par_1_4' title="bbox 257 4284 1373 4445">
     <span class='ocr_line' id='line_1_37' title="bbox 312 4284 1373 4358; baseline -0.004 -16.194"><span class='ocrx_word' id='word_1_335' title='bbox 312 4305 418 4358; x_wconf 84' lang='lat' dir='ltr'>genere:</span> <span class='ocrx_word' id='word_1_336' title='bbox 440 4290 549 4358; x_wconf 86' lang='lat' dir='ltr'>ipse...</span> <span class='ocrx_word' id='word_1_337' title='bbox 564 4287 615 4341; x_wconf 85' lang='lat' dir='ltr'>scit</span> <span class='ocrx_word' id='word_1_338' title='bbox 632 4286 660 4340; x_wconf 83' lang='lat' dir='ltr'>id</span> <span class='ocrx_word' id='word_1_339' title='bbox 677 4285 748 4339; x_wconf 79' lang='lat' dir='ltr'>solus</span> <span class='ocrx_word' id='word_1_340' title='bbox 767 4284 841 4340; x_wconf 68' lang='grc'><strong>80100</strong></span> <span class='ocrx_word' id='word_1_341' title='bbox 951 4285 985 4339; x_wconf 83' lang='lat'>28</span> <span class='ocrx_word' id='word_1_342' title='bbox 1003 4285 1086 4339; x_wconf 90' lang='lat' dir='ltr'>nullis</span> <span class='ocrx_word' id='word_1_343' title='bbox 1108 4285 1161 4342; x_wconf 84' lang='lat' dir='ltr'>Urs</span> <span class='ocrx_word' id='word_1_344' title='bbox 1276 4287 1373 4354; x_wconf 85' lang='lat' dir='ltr'>potest</span> 
     </span>
     <span class='ocr_line' id='line_1_38' title="bbox 257 4375 966 4445; baseline -0.004 -15"><span class='ocrx_word' id='word_1_345' title='bbox 257 4375 321 4430; x_wconf 70' lang='lat' dir='ltr'>co:</span> <span class='ocrx_word' id='word_1_346' title='bbox 341 4379 434 4445; x_wconf 87' lang='lat' dir='ltr'>potens</span> <span class='ocrx_word' id='word_1_347' title='bbox 451 4376 479 4429; x_wconf 91' lang='lat' dir='ltr'><strong><em>P</em></strong></span> <span class='ocrx_word' id='word_1_348' title='bbox 962 4412 966 4418; x_wconf 84' lang='lat'>-</span> 
     </span>
    </p>
   </div>
   <div class='ocr_carea' id='block_1_5' title="bbox 0 0 1474 5010">
    <p class='ocr_par' dir='ltr' id='par_1_5' title="bbox 0 0 1474 5010">
     <span class='ocr_line' id='line_1_39' title="bbox 0 0 1474 5010; baseline 0 0"><span class='ocrx_word' id='word_1_349' title='bbox 0 0 1474 5010; x_wconf 95' lang='lat' dir='ltr'> </span> 
     </span>
    </p>
   </div>
  </div>
 </body>
</html>
