2888 5008
552 485 651 540 urbes
671 485 704 538 v.
840 525 844 534 .
1121 487 1183 552 213

69 676 159 723 uooes
181 657 227 723 ita
248 657 331 724 eradi
353 657 489 741 oportuit
511 659 542 724 ot
562 658 668 724 haberi
688 657 722 721 in
737 657 923 742 cogitatione
938 659 1079 724 defixum.
1104 661 1184 742 apud
1283 731 1285 734 ,

69 761 154 826 eninr
176 762 314 826 homines
330 760 474 828 officiosis
489 760 691 845 religionibus
707 761 825 827 deditos
840 780 900 825 uon
915 761 974 843 ipsi
996 762 1040 826 dii
1061 763 1184 827 tautum

69 883 178 928 uerum
194 864 288 928 etiam
302 863 427 928 nomina
442 863 552 928 debent
564 883 629 930 esse
644 865 770 928 deorum
785 865 959 942 reuerenda,
975 865 1184 948 quantumque

69 969 117 1031 est
139 967 172 1031 in
194 966 270 1050 ipsis
292 967 344 1048 qui
368 967 533 1032 censentur
553 965 603 1032 his
625 966 812 1045 nominibus,
836 969 958 1033 tentum
981 987 1045 1034 esse
1060 987 1116 1051 par
1138 972 1183 1033 est

38 1070 103 1133 siu
119 1088 224 1134 eorum
238 1069 492 1150 appellationibus
509 1069 680 1154 diguitatis.
703 1070 742 1135 da
757 1088 861 1135 ueram
876 1069 983 1135 iudieii
997 1069 1136 1148 formem,
1154 1072 1185 1136 et
1194 1069 1234 1131 45

67 1174 103 1236 in
125 1173 182 1238 illa
203 1173 288 1237 eritis
312 1173 553 1255 reprehensionis
574 1175 671 1256 parte,
695 1174 774 1255 quod
796 1171 828 1237 in
850 1191 908 1237 usu
925 1174 1071 1238 sermonis
1086 1174 1185 1239 uestri

67 1277 203 1341 Martem
225 1293 279 1358 pro
301 1295 404 1360 pugna
426 1277 603 1358 appellatis,
634 1295 688 1360 pro
715 1276 803 1358 aquis
826 1275 1015 1359 Neptunum,
1040 1277 1185 1342 Liberum

67 1379 190 1460 patrem
212 1394 266 1461 pro
290 1380 376 1458 uino,
407 1379 547 1444 Cererem
569 1397 623 1461 pro
647 1399 740 1463 pane,
771 1379 946 1446 Mineruam
967 1398 1020 1462 pro
1043 1381 1185 1460 stamine,

21 1611 54 1650 ιο
67 1585 136 1651 suis
159 1585 273 1651 oensori
303 1585 560 1669 appellationibus
591 1605 638 1651 res
668 1586 794 1669 possint,
826 1585 999 1651 nominibus
1029 1589 1186 1670 cognomi-

65 1691 181 1755 nentur
210 1690 351 1768 deorum,
383 1691 414 1754 et
436 1708 472 1755 ea
499 1688 555 1754 fiat
587 1689 766 1754 numinibus
797 1689 980 1754 contumelia
1009 1707 1102 1771 quam
1132 1709 1188 1755 neo

67 1793 211 1858 homines
242 1793 445 1870 sustinemus,
474 1792 626 1857 sinestra
657 1793 725 1875 quis
755 1791 880 1857 uomina
908 1810 955 1856 res
983 1790 1073 1856 duent
1095 1794 1187 1874 atque

66 1896 205 1961 inuertat
234 1895 266 1959 in
300 1894 449 1960 friuolus?
486 1893 538 1958 sed
571 1893 668 1958 oratio
702 1894 823 1959 sordida
856 1895 918 1973 est,
954 1893 1056 1959 uerbis
1092 1893 1187 1961 fuerit

66 2001 189 2083 polluta
218 1999 245 2063 si
273 1998 400 2064 talibus.
439 1997 621 2062 uerecundia
643 2016 711 2064 sao
739 1997 829 2062 laude
860 1997 1025 2091 oouriigna!
1062 1997 1186 2063 erubes-

24 2105 142 2170 necitis
170 2121 279 2187 panem
308 2105 339 2168 et
367 2103 475 2166 uinum
504 2103 661 2166 nominare
695 2103 726 2166 et
757 2119 810 2183 pro
841 2100 922 2166 coitu
945 2099 1094 2164 Venerem
1126 2120 1186 2166 uon

66 2208 210 2272 metuitis
233 2207 341 2273 dioere.

104 2496 120 2548 1
140 2493 248 2548 <librum
265 2495 293 2548 P
309 2509 371 2549 corr·
388 2497 410 2548 o‘
524 2495 542 2548 4
558 2493 600 2546 his
619 2493 647 2547 P
754 2492 830 2562 bde]
850 2492 883 2545 nd
901 2491 956 2546 Sub
1067 2505 1186 2544 normam

64 2581 213 2635 Mewsius
289 2579 305 2634 6
323 2580 398 2633 eritis
416 2580 527 2648 scripsi:
550 2579 614 2632 ostis
632 2579 659 2632 P
735 2579 750 2631 7
768 2578 918 2652 *pugnaP
983 2577 1075 2644 saquis
1093 2577 1121 2630 P

64 2668 309 2734 SpanemPcorr
411 2666 661 2721 staminemPoorr
763 2663 984 2719 nubilissimae
1089 2661 1120 2716 13
1132 2661 1185 2715 ‘fri-

63 2753 145 2806 boles
158 2754 185 2807 P
287 2752 319 2806 14
336 2752 481 2806 uerecunda
498 2751 573 2806 Saloe
675 2751 804 2805 laeenam
820 2751 933 2819 sipaorei
1034 2763 1064 2801 ao
1079 2763 1121 2801 om
1137 2746 1186 2800 Gal

65 2841 135 2894 haee
147 2839 290 2895 Meureias
306 2855 322 2891 o
339 2839 384 2892 uel
401 2853 458 2892 eoos
480 2837 608 2894 Oeblerus
626 2836 659 2890 ah
678 2835 816 2891 Votienus
918 2836 951 2889 lb
968 2849 1060 2902 penem
1079 2833 1142 2898 Sub,
1156 2848 1204 2885 r:-

65 2957 137 3012 pane
160 2939 187 2996 P
290 2943 321 2996 16
344 2955 468 2996 neroum.
491 2944 493 3009 ζ
515 2957 597 2996 ereren
614 2954 738 2998 aurursus
755 2923 818 2993 uxr.
837 2951 944 2992 reorum
962 2951 1045 2990 smne
1063 2934 1183 3002 sursus!

68 3043 236 3084 ‚rnnrorrres
