2916 5010
594 511 691 568 Liber
711 515 748 569 11.
1184 518 1226 584 95

111 690 143 748 3
166 684 270 748 foliola
292 653 447 765 asiacam,
471 685 581 751 31333
602 688 684 752 unce
706 687 822 753 3333·
842 692 873 753 e
895 679 968 770 quid
990 688 1047 771 su,
1072 707 1125 754 ur
1147 692 1225 756 um-

111 806 220 872 porum
242 788 470 854 uicissitudines
493 788 663 874 institutae,
688 810 757 856 cum
779 791 1225 874 3131313333333333131333

111 891 423 974 3333333313333311,
446 893 525 956 nihil
548 895 583 957 31
605 912 708 959 rerum
731 894 916 960 desideraret
937 896 1122 980 integritas?
1149 915 1225 979 quae

113 998 160 1059 est
174 1013 275 1073 33333,
292 1014 369 1077 qnae
384 996 470 1078 33113,
487 997 522 1060 31
535 993 634 1060 maria
648 996 729 1062 salsa
744 997 806 1062 sint
820 998 1040 1062 331133333333
1058 1017 1154 1080 aquae
1168 999 1226 1064 hae

90 1098 294 1162 3331333331
322 1097 452 1177 calidae,
487 1098 566 1163 31133
592 1099 656 1163 3131
689 1117 809 1164 amarae
836 1100 886 1164 uel
918 1099 1070 1184 frigidae?
1103 1120 1162 1184 qno
1190 1085 1226 1166 er

111 1201 259 1266 materiae
292 1219 408 1284 genere·
435 1201 638 1266 bumanorum
671 1219 831 1283 corporum
860 1204 1000 1268 concreta
1028 1207 1059 1268 et
1086 1203 1226 1268 stabilita

111 1305 184 1368 3331
206 1305 338 1383 uiscera,
369 1303 449 1368 unde
471 1321 539 1368 3333
567 1305 711 1386 solidata,
743 1305 816 1387 quid
842 1305 1004 1384 intestine,
1018 1337 1021 1344 ·
1034 1305 1109 1388 qnid
1130 1325 1226 1372 33333

111 1406 264 1472 fistulatas
287 1408 319 1471 31
341 1407 540 1472 conmeabiles
563 1407 693 1472 fecerit?
725 1426 778 1472 333
800 1427 872 1472 cum
894 1410 975 1492 esset
997 1409 1106 1473 utilius
1128 1409 1225 1475 oculis

111 1527 167 1575 333
188 1509 374 1575 inluminare
402 1509 597 1591 conpluribus
620 1510 659 1576 ad
685 1511 857 1592 periculum
887 1511 1060 1590 caecitatis,
1095 1512 1225 1577 duorum

76 1631 218 1680 13333333
241 1612 392 1696 angustiis
414 1613 580 1695 adplicati?
612 1613 773 1678 beluarum
796 1619 826 1678 31
848 1613 997 1696 anguium
1018 1616 1084 1680 tam
1106 1615 1226 1682 infinita

111 1718 202 1798 atque
224 1716 461 1782 innumerabilia
484 1734 593 1799 genera
615 1717 702 1781 cuius
722 1718 768 1782 331
791 1719 865 1782 3331
887 1736 978 1784 33333
993 1718 1044 1784 331
1059 1719 1226 1786 informata
1259 1768 1261 1774 .

111 1820 164 1885 uel
185 1819 329 1902 predita?
361 1819 435 1900 quid
456 1820 489 1883 13
511 1818 627 1883 mundo
659 1818 777 1884 faciunt
810 1820 945 1886 bubones
972 1821 1142 1886 immussili
1168 1823 1225 1888 bu·

110 1925 238 1988 teones?
261 1921 336 2006 quid
358 1922 447 1987 alites
469 1925 499 1988 et
521 1922 660 1986 uolucres
683 1922 820 1989 ceterae?
843 1923 918 2005 quid
939 1922 1137 1989 formicarum
1162 1922 1167 2010 Ι
1193 1925 1224 1990 et
1233 1936 1250 1987 f.
1262 1937 1295 1988 33

110 2026 265 2090 uermium
286 2044 397 2110 genera
419 2025 451 2090 13
473 2025 573 2090 333133
595 2024 680 2089 labes
702 2025 910 2108 perniciesque
940 2027 1119 2092 nascentia?
1151 2027 1226 2110 quid

75 2151 100 2190 rs
110 2127 236 2210 pulices,
269 2128 343 2209 quid
365 2128 544 2210 inpudentes
571 2145 703 2206 muscae,
727 2145 854 2192 araneae
887 2129 998 2194 sorices
1025 2148 1128 2194 mures
1155 2124 1246 2194 san-‘

111 2231 262 2315 guieugae
287 2230 447 2312 tippulae?
469 2230 542 2312 quid
558 2230 671 2312 spinae,
696 2229 770 2311 quid
788 2231 897 2311 sentes,
915 2231 1129 2313 3311333333,
1152 2232 1224 2313 quid

110 2333 231 2415 lolium,
254 2333 329 2414 quid
349 2332 511 2397 herbarum
533 2336 586 2396 aut
608 2331 757 2398 fruticum
779 2334 835 2398 331
855 2333 1008 2399 adolentia
1029 2330 1156 2400 naribus
1171 2335 1226 2400 aut
1335 2347 1338 2352 ’
1433 2332 1437 2340 ’

110 2437 215 2502 1313113
236 2439 268 2502 13
290 2436 434 2500 odoribus
457 2436 598 2501 semina?
620 2437 716 2500 immo
732 2436 758 2500 si
774 2435 891 2518 aliquid
906 2438 985 2516 33131,
1009 2436 1225 2521 comprehendi

111 2543 167 2606 331
189 2539 308 2622 aliquid
329 2540 356 2603 31
378 2557 465 2622 posse
480 2539 619 2616 censetis,
643 2538 717 2622 quid
732 2539 774 2603 sit
795 2539 936 2604 triticum
959 2539 1061 2619 dicite,
1086 2540 1224 2605 1331333-

73 2645 206 2710 313333
238 2643 364 2707 milium
397 2642 476 2709 cicer
507 2641 578 2708 laba
610 2642 757 2706 lenticula
792 2641 872 2706 melo
909 2642 1066 2708 cuminum
1102 2643 1226 2726 porrina
1280 2717 1282 2720 ,

111 2748 249 2831 ulpicum
277 2750 390 2829 caepe?
422 2764 482 2810 non
509 2745 604 2823 enim,
634 2745 660 2808 si
683 2745 798 2809 fructui
827 2743 914 2810 uobis
938 2735 1225 2811 33313131133333

110 2850 277 2916 mediisin
299 2849 461 2935 generibus
489 2848 668 2920 3333111313,
698 2848 875 2930 expeditum
903 2848 957 2914 ant
978 2850 1154 2931 promptum
1177 2849 1225 2914 331

111 2955 185 3039 qnid
208 2955 271 3020 sint
294 2952 417 3037 singula
439 2950 738 3030 331333331311133
760 2950 895 3034 figurata·
914 2950 977 3016 3131
992 2949 1109 3029 formis,
1131 2951 1224 3017 fuerit

110 3057 276 3122 necessitas
300 3056 414 3138 aliqua,
437 3056 552 3120 utnon
580 3054 656 3119 alios
683 3071 804 3136 sapores
832 3053 909 3120 31133
937 3053 1041 3118 ederes
1070 3054 1146 3120 alies
1173 3074 1223 3121 co·

72 3160 190 3227 3313333
211 3179 306 3242 quam
329 3176 408 3240 -quos
436 3157 548 3222 habent
574 3156 712 3240 singulae
734 3174 781 3221 res
808 3155 920 3223 babere
946 3156 1106 3222 debuerint
1131 3177 1170 3224 an
1191 3159 1223 3222 et

111 3263 187 3328 31133
210 3261 368 3344 potuerint
390 3261 524 3326 33313333·
551 3259 747 3342 1333131313
768 3259 1027 3341 insequimur,
1050 3277 1140 3344 33333
1155 3260 1221 3324 dice

146 3517 318 3574 ldilaniarit
341 3519 355 3574 ,2
455 3519 521 3573 431
540 3519 605 3574 Sub:
624 3521 671 3573 331
688 3519 716 3572 Ρ
816 3519 886 3573 33133
904 3517 974 3573 Sub.-
991 3517 1046 3573 3313
1065 3535 1097 3573 ccc
1114 3520 1182 3573 33133
1195 3519 1222 3574 Ρ

108 3606 166 3660 3313
192 3603 484 3660 331331113333333333
616 3605 754 3674 terrarum]
782 3606 926 3658 ceterarum
953 3602 1081 3672 uquarum
1102 3606 1175 3667 Ura,

108 3707 193 3760 aquae
214 3692 263 3746 hae
286 3692 373 3746 dulces
396 3690 440 3745 uel
461 3690 572 3756 calidae,
599 3691 899 3745 3113311133333333333
921 3690 985 3745 haec
1003 3694 1027 3758 (c
1045 3695 1115 3758 3333)
1133 3693 1222 3746 dulces

107 3779 177 3832 31133
195 3778 222 3831 Ρ
343 3778 497 3831 1133333313
515 3777 584 3831 Sub:
606 3781 740 3830 concreata
757 3778 785 3830 P
905 3776 995 3830 'lsint
1012 3779 1155 3832 Mearaias

107 3865 125 3920 8
142 3861 286 3917 utilliusP
364 3852 368 3860 ’
388 3863 422 3916 10
438 3861 563 3930 applicati
581 3861 718 3930 (adplicati
728 3865 754 3926 r)
768 3863 836 3916 dod:
855 3861 1022 3931 adplicariP
1121 3864 1154 3918 la
1171 3865 1221 3918 im-

108 3949 223 4003 mussuli
245 3948 372 4003 buteones
395 3947 457 4002 Get.-
484 3946 645 4012 inmussilib;
675 3949 764 4000 133333
789 3947 812 4015 (3
829 3950 861 4015 c‘)
880 3947 908 4000 P
924 3947 1074 4002 immustnli
1096 3947 1222 4005 buteones

109 4036 165 4089 Sub
258 4035 291 4089 13
302 4033 435 4087 ueluscres
448 4033 475 4086 Ρ
487 4049 548 4086 corr
560 4019 567 4031 ’
634 4033 667 4086 15
679 4019 855 4101 sanguisugae
867 4034 937 4087 Sub:
950 4049 1117 4103 sangusugae
1128 4035 1155 4088 P

109 4121 143 4176 16
169 4120 287 4189 tippulae
315 4119 383 4174 Sub:
410 4117 535 4187 hippulae
561 4119 589 4172 Ρ
716 4117 749 4172 17
775 4120 822 4172 331
848 4119 988 4189 adolentia]
1016 4136 1096 4174 33333
1122 4120 1222 4176 olentia

109 4205 187 4261 Salen
289 4203 425 4259 adulentis
441 4204 468 4257 P
479 4218 541 4257 3333
553 4206 575 4257 c'
594 4201 738 4256 redblentia
754 4203 805 4258 Urs
822 4203 855 4256 ad
872 4205 973 4258 1331333
990 4205 1107 4260 dolentia
1124 4205 1222 4262 111333·

107 4306 228 4346 33333333
338 4291 371 4344 18
390 4291 455 4343 33133
474 4290 527 4342 Sub
638 4288 670 4342 19
688 4288 712 4341 31
729 4305 771 4342 333
789 4288 843 4342 Sub
949 4291 984 4343 20
1000 4289 1068 4344 mele
1087 4293 1222 4346 cuminum

108 4377 200 4432 Scina.-
229 4376 375 4430 meloneum
402 4377 495 4429 uinum
513 4375 540 4428 P
564 4374 638 4427 13313
664 4375 797 4428 cuminum
816 4374 869 4428 Sub
1003 4377 1075 4445 perri
1099 4377 1154 4433 Sub

105 4464 282 4533 crespeel>
394 4463 588 4532 asperserunt
609 4462 663 4517 dab
681 4477 741 4518 corr
757 4462 788 4516 13
805 4476 851 4516 err
969 4460 1026 4518 dico
1043 4465 1071 4519 id
1088 4467 1129 4519 331
1146 4483 1222 4536 33333

107 4550 153 4606 del
170 4549 372 4606 musmones
