2916 5010
427 561 431 569 q
544 487 642 542 nicer
662 487 727 542 1111.
1125 492 1191 558 nce

71 655 109 720 'et
123 656 292 738 petulantis
312 655 597 722 omoris'flammam
613 659 776 724 seruilibus
792 659 1021 726 ohurnhrauisse
1035 661 1190 728 fallaciis?

70 760 228 841 numquid
250 779 269 832 a
290 757 377 826 nobis
400 761 562 843 aliquando
590 763 778 844 conscriptus
800 762 856 840 est,
879 762 1042 829 libidinosa
1063 766 1099 829 ut
1119 783 1190 847 per·
1248 763 1251 772 ’

69 861 181 928 ficeret
202 862 295 942 111111,
323 865 413 929 modo
438 882 506 930 esse
532 864 565 928 in
592 883 701 930 1111111
730 883 851 943 uersus,
884 867 974 930 modo
996 866 1029 930 in
1051 868 1190 952 satyrum

68 965 246 1046 ludicrum,
269 967 301 1032 in
323 967 499 1050 draconem,
523 967 556 1031 in
577 967 692 1046 alitem,
715 968 748 1032 11
770 971 909 1046 taurum,
933 969 964 1032 et
985 969 1066 1050 quod
1087 971 1191 1038 omnia

39 1086 187 1152 egenera
209 1070 462 1135 contumeliarum
484 1070 653 1152 transiliat,
682 1071 714 1134 in
736 1070 930 1136 formiculam
952 1075 1130 1154 paruulam,
1154 1078 1189 1138 ut

68 1170 208 1237 Oletoris
240 1167 515 1237 uidehcet‘filiam
542 1173 745 1256 Myrmidonis
778 1174 881 1238 ederet
913 1175 994 1258 apud
1027 1177 1188 1244 Thessalos

67 1275 231 1338 matrem?
264 1275 332 1356 quis
354 1275 500 1340 illumin
522 1274 670 1341 Alcmena
698 1293 809 1342 nouem
831 1277 971 1342 noctibus
993 1278 1066 1344 fecit
1087 1280 1188 1362 perui·

69 1376 188 1460 gilasse
211 1378 383 1442 continuis?
405 1396 465 1442 non
487 1382 563 1443 uos?
585 1379 653 1460 quis
674 1378 706 1442 in
722 1379 876 1445 amoribus
892 1380 1029 1447 dosidem
1043 1382 1189 1450 derehcts

68 1479 153 1542 caeli
174 1480 308 1544 statione
329 1481 481 1546 iacuisse?
513 1499 572 1546 non
595 1485 670 1545 uos?
704 1484 735 1545 et
757 1499 828 1546 sane
850 1483 1021 1566 adiungitis
1043 1485 1189 1550 beneficia

27 1609 57 1646 ιο
67 1599 134 1645 non
162 1600 271 1663 perna,
306 1583 457 1664 siquidem
486 1583 574 1648 uobis
603 1584 677 1649 deus
699 1585 848 1650 Hercules
870 1587 961 1652 natus
983 1589 1045 1666 est,
1080 1589 1189 1670 quiin

67 1684 163 1748 rebus
185 1684 361 1750 huiusmodi
382 1687 543 1770 patrissui
558 1687 702 1752 transiret
717 1689 952 1772 exuperaretque
965 1689 1107 1758 uirtutes.
1134 1692 1189 1758 ilie

67 1786 213 1851 noctibus
234 1787 288 1852 uir
309 1805 420 1853 nouem
441 1808 535 1853 unam
556 1791 611 1870 pot
635 1789 659 1852 't
681 1791 799 1872 prolem
826 1792 989 1857 estundere
1011 1794 1188 1862 concinnare

68 1889 268 1973 conpingere‚
302 1892 335 1956 at
356 1891 504 1956 Hercules
534 1893 658 1958 sanctus
686 1892 760 1956 deus
786 1895 876 1958 natas
906 1894 1129 1981 quinquaginta
1151 1899 1188 1964 de

65 1991 198 2057 Thestio
224 1994 312 2058 nocte
340 2013 403 2058 una
424 1994 582 2075 perdocuit
608 1993 612 2080 t
638 1996 669 2060 et
693 2013 807 2060 nomen·
826 1996 1016 2080 uirginitatis
1039 2011 1255 2082 creponensem

28 2119 55 2157 11
67 2095 102 2158 et
125 2094 315 2177 genetricum
337 2097 470 2178 pondera
492 2099 651 2163 sustinere.
683 2097 757 2180 quid
778 2100 858 2180 quod
873 2116 932 2164 non
947 2103 1084 2166 contenti
1099 2102 1186 2168 femi-

66 2198 120 2262 nei
141 2199 261 2281 generis
283 2199 473 2276 adtribuisse
497 2200 556 2266 diis
586 2219 672 2266 curas
695 2201 789 2266 etiam
811 2220 899 2266 serus
922 2202 1184 2297 adiungitislada-

65 2302 170 2366 matos
194 2303 232 2367 ah
247 2303 296 2367 his
318 2308 440 2369 mares?
455 2305 570 2388 Hylam
591 2305 691 2369 nescio
713 2305 782 2386 quis
804 2304 918 2388 diligit,
940 2305 1115 2388 Hyacinthe
1138 2311 1184 2374 est

65 2404 150 2469 alius
166 2406 339 2488 occupatus,
356 2406 410 2470 ille
425 2407 547 2489 Pelopis
563 2406 721 2471 desideriis
736 2407 854 2490 flagrat,
870 2408 920 2473 hic
933 2407 965 2472 11
980 2406 1184 2493 Chrysippum

65 2509 205 2589 suspirat
226 2510 393 2590 ardentius,
418 2507 589 2573 Catamitus
611 2510 732 2592 rapitur
746 2510 891 2575 delicium
907 2511 1028 2576 iuturus
1044 2512 1075 2576 et
1089 2529 1182 2595 pocu-

27 2610 169 2675 eolorum
202 2613 314 2691 eustos,
349 2615 380 2677 et
401 2615 437 2677 ut
458 2613 541 2677 iouis
569 2613 690 2688 dicatur
711 2614 824 2696 pullus,
853 2613 1047 2696 inpartibus
1069 2616 1182 2682 Fabius

65 2712 210 2778 aduritur
230 2715 378 2779 mollibus
400 2715 638 2798 obsignaturque
659 2716 795 2796 posticis.
829 2717 883 2781 sed
908 2717 966 2781 soli
982 2721 1087 2784 amant
1102 2721 1183 2801 apud
1194 2719 1232 2782 27

63 2833 122 2880 uos
144 2836 243 2881 mares
266 2818 297 2881 et
316 2816 447 2882 femineo
463 2817 546 2882 serui
562 2836 617 2882 sua
633 2819 809 2882 conseruata
827 2821 874 2884 est
889 2821 1059 2886 sanctitas?
1084 2825 1182 2889 nonne

63 2919 180 2984 uestris
203 2921 329 2984 cautum
344 2921 390 2984 est
404 2919 529 2999 litteris,
545 2920 723 2985 adamatum
738 2938 802 2986 esse
816 2921 854 2985 ab
869 2923 989 2988 Aurora
1004 2925 1182 3006 Tithonum,

64 3022 178 3086 arsisse
193 3021 227 3086 in
239 3023 463 3105 Endymionem
473 3023 601 3103 Lunam,
619 3021 784 3088 Nereidem
798 3024 831 3087 in
843 3023 988 3104 Aeacum,
1005 3027 1038 3092 in
1049 3028 1183 3094 Achillis

30 3142 55 3181 rs
64 3123 238 3206 genitorem
260 3125 394 3208 Thetim,
416 3125 629 3207 Proserpinam
652 3127 684 3190 in
705 3125 854 3205 Adonem,
885 3129 1017 3194 matrem
1040 3130 1104 3195 eius
1127 3129 1182 3196 (ie-

65 3246 164 3292 rerem
185 3228 219 3292 in
245 3229 398 3294 Iasionem
421 3229 520 3294 nescio
543 3247 634 3311 quem
655 3229 846 3294 rusticanum
868 3231 899 3294 et
924 3234 994 3314 post
1009 3231 1182 3298 Vulcanum

65 3330 293 3396 Phaethontem
321 3331 453 3397 Martem
480 3332 513 3396 in
540 3333 693 3398 Anchisae
720 3332 844 3414 nuptias
876 3333 976 3416 ipsam
1003 3334 1091 3402 illam
1120 3337 1181 3402 Ve-

168 3483 355 3550 ancaeo
457 3483 642 3550 anonae

99 3637 247 3691 3111111111
260 3638 288 3692 P
388 3637 814 3694 4111111111111171111111Ρ
857 3683 859 3686 .
914 3639 1058 3695 delatoris
1069 3643 1180 3711 scripsi:

63 3720 168 3774 clitoris
185 3722 213 3775 P
341 3723 515 3791 Myrmidonis
533 3723 621 3776 ederet
638 3722 693 3777 oco
710 3724 742 3776 io
759 3738 818 3777 err:
840 3723 955 3779 mindoni
980 3726 1067 3780 sedere
1085 3727 1113 3780 P

63 3807 175 3860 tessalos
193 3808 220 3862 P
332 3808 348 3861 7
367 3807 493 3862 Alcmena
511 3809 581 3863 Sub:
604 3808 733 3862 alcemena
750 3809 778 3862 P
889 3810 921 3862 11
940 3807 1135 3880 exuperaretqui
1152 3813 1180 3866 P

64 3907 125 3947 corr
227 3893 436 3948 13hereu1is1³
536 3895 631 3962 gnatas
649 3894 749 3948 Pcorr
851 3895 884 3948 14
901 3895 1008 3950 Testhio
1024 3899 1063 3952 sic
1082 3898 1179 3954 dnbio

63 3993 124 4032 err.-
142 3979 269 4033 thasioP
370 3978 500 4033 17111111
520 3979 572 4034 Ura
671 3978 823 4047 Hyacinthe
842 3979 911 4036 Sub.-
928 3981 1066 4049 hyacincto
1084 3985 1112 4038 P

64 4066 98 4120 18
120 4063 219 4132 flagrat
242 4064 312 4119 eac.-
338 4064 432 4135 flaglat
456 4066 483 4119 P
618 4063 793 4134 Chrysippum
821 4066 884 4120 (deis
911 4068 1059 4137 crysippum
1083 4071 1111 4125 P

65 4152 97 4204 19
115 4150 228 4205 carnitus
245 4152 273 4203 P
287 4166 349 4206 corr
451 4150 575 4206 delicium
590 4149 682 4204 mem.-
700 4150 853 4204 deliciarum
870 4153 897 4207 P
912 4153 1063 4210 deliciolum
1080 4156 1177 4213 Hilde-

64 4237 197 4291 necnee
307 4238 340 4292 23
358 4237 501 4292 Tithonum
519 4236 581 4302 Sub,
599 4251 628 4289 r:
654 4237 806 4290 tithnonum
823 4238 851 4291 P
958 4241 991 4294 e'n
1007 4257 1051 4312 my
1069 4241 1109 4298 a·

65 4321 302 4391 ddidndymionem
314 4324 418 4392 Sede:
436 4322 688 4390 enendymionemP
782 4325 910 4380 eacumP
1001 4328 1034 4382 26
1045 4329 1176 4385 lesionem

66 4408 134 4462 doh:
153 4409 270 4470 iasonem
289 4409 317 4462 P
417 4410 613 4465 attestantem
632 4408 658 4461 P
759 4410 862 4464 ancisae
878 4411 906 4466 P
922 4428 982 4468 corr
1234 4403 1238 4408 ¹

1022 4521 1075 4574 11*
