2950 5006
621 505 720 558 arser
740 506 763 558 1.
1103 533 1106 551 ι
1204 509 1244 574 15

127 678 281 743 imbribus
303 678 406 744 uestra
420 678 554 762 inrigant
569 691 647 757 rura,
670 679 845 760 pluuiarum
868 679 1050 761 quicumque
1072 681 1143 744 sunt
1163 697 1244 744 rores

129 782 242 846 nostris
276 782 313 847 ab
343 780 484 865 agellulis
512 782 645 865 abigant.
684 781 794 847 lanitia
816 782 923 847 curent
951 784 1054 848 uestra
1075 782 1244 848 numerosis

129 884 244 949 fetibus
259 883 471 965 multiplicari,
494 885 690 949 sterilitatem
711 875 880 950 infaustam
900 885 1012 950 nostris
1027 885 1175 971 pecuariis
1197 887 1245 950 in·
1332 903 1344 940 r

128 987 238 1053 ferant.
263 1007 299 1053 cx
319 987 442 1052 oliustis
464 988 575 1053 uestris
597 989 689 1069 atque
712 987 826 1052 uinetis
847 987 970 1070 plenam
991 988 1106 1054 faciant
1121 990 1245 1054 autum-

106 1092 263 1156 snitatsm
289 1090 392 1169 fraudi,
425 1091 458 1154 at
488 1110 523 1156 ex
549 1091 660 1155 nostris
683 1091 811 1172 exprimi
844 1111 941 1156 unum
971 1092 1150 1173 prohibeant
1178 1093 1245 1173 pal-

129 1195 259 1258 mitibus
270 1212 380 1259 roram.
396 1195 434 1259 ad
449 1196 617 1258 extremum
633 1196 664 1259 et
679 1194 826 1259 ultimum
837 1194 869 1259 in
881 1195 983 1260 uestro
995 1213 1045 1259 ore
1058 1195 1245 1278 praecipiant

129 1317 219 1363 suam
241 1298 343 1382 fruges
366 1298 496 1363 retinere
512 1299 664 1378 natu'ram,
689 1299 721 1362 at
743 1317 814 1363 uero
838 1298 871 1362 in
892 1299 995 1364 nostro
1016 1299 1078 1363 mel
1107 1317 1245 1364 amarum

127 1401 211 1480 fieri,
243 1403 380 1467 olearum
408 1400 522 1466 fluenta
544 1421 718 1467 rancescere
751 1403 782 1466 et
810 1402 867 1466 sub
900 1402 996 1484 ipsius
1028 1401 1129 1483 poculi
1151 1401 1245 1465 labris

129 1506 164 1569 in
185 1505 282 1570 acoris
308 1504 468 1587 perfidiam
489 1505 598 1568 uinum
620 1505 744 1588 repente
767 1504 890 1568 mutari.
925 1505 1004 1587 quod
1027 1523 1096 1568 cum
1118 1505 1295 1570 minimest

90 1607 196 1674 rolieri
228 1608 431 1673 testificentur
461 1627 509 1672 res
542 1609 624 1691 ipsas
649 1609 654 1694 Ι
679 1627 775 1690 neque
807 1612 907 1672 minus
935 1609 974 1673 ad
995 1627 1049 1673 uos
1082 1609 1246 1690 quicquam
1254 1620 1295 1670 se

127 1731 225 1794 neque
247 1711 287 1777 ad
308 1729 362 1776 uos
384 1711 553 1792 plurimum
580 1712 748 1776 redundare
770 1711 919 1776 uitalibus
942 1730 976 1775 ex
998 1711 1151 1776 beneficiis
1173 1729 1245 1776 oon-
1293 1758 1297 1763 .
1407 1789 1417 1811 .

128 1816 200 1894 stet,
223 1815 319 1880 libido
342 1833 418 1898 quae
440 1815 527 1880 tanta
549 1816 596 1878 est
617 1815 756 1880 inimicos
779 1817 869 1897 atquc
891 1815 993 1879 hostes
1009 1815 1079 1880 deos
1095 1834 1161 1880 esse
1176 1833 1245 1880 con-

127 1921 254 1984 tendere
269 1918 461 2001 Christianis,
484 1936 558 2001 quos
579 1919 613 1982 in
634 1919 723 1982 rebus
745 1918 933 1984 tristissimis
955 1921 1046 2000 atque
1061 1918 1151 1982 laetis
1167 1919 1246 1982 nihil

128 2022 237 2087 abste
259 2024 363 2087 uideas
385 2023 501 2086 ratione
523 2023 555 2087 in
578 2022 681 2104 aliqua
696 2021 887 2105 discrepare?
910 2023 936 2085 si
950 2041 1059 2086 uemm
1074 2023 1161 2087 uobis
1177 2039 1245 2103 per·

89 2125 259 2191 remittitis
288 2144 323 2190 ac
352 2125 416 2188 sine
444 2123 517 2187 ullis
544 2123 806 2189 adsentationibus
834 2125 910 2188 dici:
943 2125 1036 2190 uerba
1065 2127 1136 2190 sunt
1163 2124 1245 2206 haec,
1284 2205 1288 2213 Ι

127 2228 223 2293 uerba
245 2229 327 2306 sunt,
350 2247 398 2292 res
419 2227 515 2292 immo
537 2248 591 2310 per
613 2229 781 2293 calumnias
810 2228 952 2304 creditae,
981 2247 1040 2292 non
1063 2227 1246 2311 cognitionis

128 2333 259 2396 alicuius
275 2332 452 2396 testimonio
468 2333 687 2413 comprobatae.
721 2334 856 2398 ceterum
871 2333 915 2396 dii
930 2333 996 2397 ueri
1012 2334 1042 2397 et
1057 2333 1109 2414 qui
1125 2333 1244 2410 habere,
1256 2333 1294 2396 23

129 2435 183 2516 qui
211 2434 288 2499 ferre
321 2435 453 2499 nominis
485 2436 577 2500 huius
610 2436 825 2501 austeritatem
858 2435 1004 2519 condigni
1034 2437 1122 2514 sunt,
1150 2454 1246 2517 neque

126 2537 303 2602 irascuntur
317 2558 413 2620 neque
427 2539 627 2622 indignantur
641 2558 738 2621 neque
761 2541 840 2621 quod
861 2539 950 2604 alteri
965 2540 1072 2604 noceat
1091 2537 1246 2603 insidiosis

91 2665 119 2706 20
129 2641 407 2706 machinationibus
431 2642 621 2707 construunt.
653 2642 766 2706 etenim
788 2661 894 2706 reuera
916 2651 962 2706 est
990 2643 1121 2724 impium
1144 2643 1175 2706 et
1196 2659 1245 2706 sa-

129 2744 256 2828 crilegia
285 2745 394 2809 cuncta
419 2746 640 2821 transcendens,
665 2745 833 2826 sapientem
856 2745 943 2810 illam
966 2748 1084 2810 credere
1105 2743 1246 2809 beatissi-

127 2866 272 2928 mamque
287 2848 430 2912 naturam
447 2867 592 2931 magnum
608 2847 724 2927 aliquid
739 2851 856 2930 putare,
880 2848 906 2912 si
922 2865 954 2911 se
969 2848 1028 2912 sibi
1043 2847 1155 2928 aliquis
1171 2848 1247 2913 adu·

128 2949 241 3014 latoria
255 2951 433 3016 humilitate
449 2951 642 3016 summittat:
658 2949 689 3012 et
703 2949 731 3014 si
745 2949 839 3014 fuerit
854 2969 915 3015 non
930 2950 1055 3027 lactum,
1071 2950 1246 3033 despectam

128 3072 163 3118 se
185 3053 304 3119 eredere
333 3055 364 3118 et
386 3054 424 3118 ab
448 3055 561 3118 summi
594 3053 738 3117 culminis
769 3053 916 3119 decidisse
948 3054 1082 3137 fastigio.
1119 3051 1263 3137 pueriles

91 3181 118 3221 25
128 3157 279 3240 pusillum
301 3158 349 3222 est
370 3157 401 3222 et
423 3156 514 3235 erile,
542 3157 594 3222 uix
616 3155 732 3220 stillis
755 3157 948 3235 conueniens,
971 3175 1045 3240 quos
1067 3157 1247 3223 iamdudum

129 3262 316 3342 experientia
343 3260 501 3325 doctomm
531 3262 693 3324 daemonas
716 3259 849 3340 appellat
871 3260 1045 3339 ethereas,
1075 3279 1135 3324 non
1158 3277 1246 3324 nosse

128 3365 274 3431 caelestia
307 3369 338 3430 et
357 3365 389 3428 in
418 3365 475 3430 bac
507 3382 609 3428 rorum
636 3363 765 3426 materia
793 3364 939 3427 crassiore
968 3363 1152 3428 condicionis
1175 3381 1247 3428 suae

163 3670 291 3724 annuis
304 3671 404 3724 Pcorr
499 3669 647 3723 numerosis
660 3671 762 3724 Pocrr
855 3670 1038 3724 4cliuctisr:
1062 3671 1180 3724 oliuisP

127 3758 253 3813 sunum
271 3759 291 3828 (i
310 3759 380 3825 erus)
399 3756 425 3809 P
447 3756 534 3810 ullum
557 3757 608 3810 Urs
719 3757 875 3825 palmitibus
889 3757 986 3812 Sabin
999 3773 1059 3811 err:
1078 3756 1203 3826 palmites
1221 3757 1248 3809 P

127 3846 251 3914 palmitis
271 3847 332 3913 Gal,
351 3860 367 3897 r
455 3844 472 3897 8
489 3859 639 3897 rancescere
658 3843 720 3908 Sub,
738 3860 767 3898 r.-
785 3859 914 3898 racescere
931 3843 958 3896 P
1058 3842 1142 3911 ipsius
1159 3842 1247 3911 poculi

127 3933 242 4000 scripsi:
276 3931 360 4000 ipsius
389 3931 455 3999 potu
472 3930 500 3983 P
533 3930 608 3999 ipsis,
626 3933 718 3998 potum
748 3931 796 3984 Get
830 3930 895 3998 ipsis
924 3929 1041 3998 positum
1070 3929 1145 3982 Saba

126 4019 207 4072 9sin
225 4020 327 4072 Poorr
428 4015 565 4085 perfidiam
583 4017 652 4071 Sub:
670 4015 817 4085 perfidiaP
915 4017 948 4071 15
965 4013 1139 4069 adsentatiob.
1153 4014 1180 4067 P

128 4105 163 4158 16
190 4103 330 4158 creditoP
467 4103 499 4157 17
528 4101 694 4170 comprobate
712 4102 739 4155 P
875 4103 929 4154 ucri
959 4103 1023 4156 Get.-
1051 4100 1134 4154 uestri
1152 4101 1181 4154 P

127 4191 164 4244 22
186 4191 238 4242 siui
255 4191 282 4243 P
417 4189 567 4243 adsummi
590 4188 712 4241 culminis
731 4187 803 4242 Sub:
836 4187 946 4240 summis
968 4185 1128 4240 culminibus
1152 4187 1179 4240 P

127 4275 270 4344 fastidigio
288 4276 316 4328 P
332 4292 393 4331 corr
495 4277 529 4331 25
552 4274 617 4328 exile
642 4275 714 4328 Sub:
742 4272 812 4326 exire
830 4274 857 4328 P
962 4271 1156 4325 acerbamus
1180 4273 1246 4326 Urs:

127 4378 244 4416 *errores
259 4363 285 4416 P
301 4365 327 4416 et
345 4363 393 4417 hos
413 4361 465 4417 cer
566 4360 599 4414 27
617 4360 758 4414 crassiorae
776 4359 803 4412 P
820 4374 881 4413 corr
984 4358 1145 4412 conditionis
1163 4359 1191 4411 P
