2888 5008
239 460 304 526 270
539 456 683 511 hruobii
707 457 867 511 aduersus
889 455 1045 509 nationes

238 631 276 696 ab
298 629 347 696 his
369 647 447 704 essm
470 627 542 694 sunt
564 629 646 693 euim
667 627 815 692 ferocium
837 645 983 711 generum
1005 627 1037 691 et
1051 623 1256 690 mortalitatis
1280 625 1357 690 obe-

239 733 360 798 untium
393 730 574 797 functiones.
607 746 663 796 uos
690 747 832 812 pecorum
861 729 1026 812 sanguine,
1061 745 1115 793 uos
1145 728 1295 794 madibus
1329 731 1362 794 et

237 833 473 900 mactationibus
501 831 672 897 hostiarum
700 831 847 915 gaudere,
877 831 988 896 laetari
1010 831 1041 896 et
1061 831 1094 895 in
1115 830 1253 914 gratiam
1285 849 1362 896 cum

237 937 410 1003 hominibus
431 935 544 1001 remini
566 935 781 1002 offensionibus
796 934 894 1000 redire
908 932 1035 1016 sopitis:
1057 951 1112 998 nos
1127 951 1267 998 amoram
1282 953 1360 999 san-

238 1041 339 1128 guinis
361 1039 482 1105 nullum
504 1055 570 1102 esse
590 1038 622 1102 in
645 1037 807 1102 caehiibus
828 1035 970 1101 ducimus
991 1054 1046 1100 neo
1068 1053 1134 1101 esse
1155 1037 1222 1102 tam
1250 1036 1389 1118 duros,a

237 1146 273 1209 ut
293 1145 474 1208 miserorum
501 1141 706 1206 animantium
734 1138 824 1206 caede
851 1139 1004 1203 saturatas
1030 1138 1168 1204 abiciant
1188 1140 1266 1204 iras.
1300 1158 1360 1206 uos

168 1307 173 1320 ,
237 1264 335 1325 mero,
363 1262 418 1310 uos
440 1243 529 1308 thure
550 1242 696 1308 honorem
717 1240 910 1308 arbitramini
932 1240 991 1306 diis
1019 1239 1091 1306 addi
1113 1242 1145 1306 et
1167 1261 1278 1308 eorum
1300 1263 1360 1308 au·

235 1368 357 1435 gescero
371 1346 552 1432 dignitates:
574 1363 629 1412 nos
644 1347 815 1410 monstrum
830 1346 861 1409 et
875 1342 1051 1427 prodigium
1069 1343 1255 1423 iudicamus,
1273 1349 1359 1428 quod

236 1451 398 1536 quisquam
424 1450 585 1514 hominum
612 1450 709 1515 credit
736 1450 791 1513 aut
819 1447 1030 1530 augustiorem
1056 1446 1122 1512 fieri
1150 1448 1245 1513 deum
1269 1449 1361 1514 inmo

236 1556 290 1620 aut
312 1552 488 1618 erroribus
518 1552 635 1636 exiguis
664 1551 729 1616 uini
758 1551 862 1633 ipsum
891 1547 952 1613 sibi
980 1548 1019 1613 ab
1040 1548 1220 1616 hominihus
1242 1551 1389 1617 ducerem

236 1657 312 1722 satis
334 1656 437 1722 sancte
458 1656 548 1737 atque
569 1655 734 1720 honorifico
756 1652 969 1735 supplicatum
1005 1669 1060 1717 uos
1082 1653 1164 1720 aeris
1185 1655 1361 1722 tinnitibus

237 1762 269 1825 et
289 1759 438 1824 tibiarum
460 1757 552 1836 sonis,
574 1775 628 1824 uos
651 1774 797 1838 equorum
819 1755 980 1822 cuniculis
1001 1757 1034 1820 et
1048 1755 1256 1823 theatralibus
1272 1759 1360 1823 ludis

236 1879 414 1946 persuasum
435 1858 555 1924 hahetis
577 1861 648 1925 deos
670 1864 701 1924 et
717 1859 862 1924 delectari
877 1860 908 1922 et
929 1858 1021 1924 adiici
1041 1859 1164 1942 irasque
1185 1862 1360 1943 ahquando

237 1965 397 2048 conceptas
426 1981 531 2028 eorum
559 1963 620 2028 ista
649 1962 857 2028 satisfactione
886 1961 1016 2027 molliri:
1050 1981 1104 2028 uos
1133 1962 1358 2030 inconuenisns

238 2068 385 2146 ducimus,
420 2067 589 2149 quinimmo
618 2064 797 2134 incredibile
824 2065 1005 2143 iudicamus,
1039 2084 1090 2134 eos
1120 2068 1173 2150 qui
1203 2067 1387 2150 gradihusn

236 2171 323 2236 mille
344 2187 439 2255 genus
460 2186 549 2234 omne
570 2169 725 2233 uirtutum
746 2167 939 2250 perfectiouis
964 2169 1143 2235 transierint
1169 2173 1357 2237 summitate

236 2274 268 2337 in
299 2272 511 2355 uoluptatibus
543 2271 654 2336 habere
686 2272 778 2353 atque
805 2271 837 2336 in
866 2270 984 2336 deliciis
1017 2290 1065 2337 res
1088 2291 1139 2337 eas
1161 2292 1239 2356 quas
1261 2275 1357 2340 homo

236 2376 356 2458 sapiens
392 2375 490 2441 rideat
522 2375 553 2440 et
585 2393 663 2457 quae
699 2391 760 2439 non
793 2373 863 2440 ahie
898 2374 1063 2440 uideantur
1098 2377 1258 2442 continere
1297 2377 1357 2442 ah'-

236 2479 310 2561 quid
336 2477 453 2561 gratiae
480 2495 573 2560 quam
602 2466 772 2542 infantibus
799 2477 937 2560 paruulis
959 2478 991 2542 et
1011 2478 1180 2544 triuialiter
1202 2481 1234 2545 et
1255 2497 1356 2563 popu·

186 2579 224 2643 37
236 2582 341 2646 ianitor
361 2582 522 2646 institutis.
554 2582 627 2647 haec
649 2599 719 2646 cum
740 2581 787 2646 ita
808 2600 841 2646 se
861 2582 994 2647 habeant
1017 2601 1147 2665 cumque
1169 2583 1212 2647 sit
1234 2583 1384 2664 opinio-n

236 2703 310 2750 num
339 2686 426 2750 tanta
455 2687 628 2750 nostrarum
657 2684 888 2766 nostrarumque
917 2685 1094 2762 diuersitas,
1124 2685 1179 2750 ubi
1213 2687 1271 2749 aut
1301 2704 1355 2750 nos

236 2789 325 2871 impii
353 2789 406 2855 aut
434 2805 489 2854 uos
514 2788 575 2870 pii,
605 2806 676 2852 cum
697 2807 733 2853 en
754 2788 910 2870 pectorum
932 2789 1071 2854 sensibus
1092 2789 1219 2870 pietatis
1243 2789 1355 2854 debeat

136 2892 326 2973 tlttlatque
347 2891 504 2972 inpietatis
530 2890 536 2977 Ι
561 2891 640 2957 ratio
661 2891 846 2974 ponderari?
878 2909 939 2958 non
966 2893 1048 2957 enim
1070 2893 1278 2958 simulacrum
1301 2894 1353 2975 qui

235 2993 295 3058 sihi
323 2993 445 3074 aliquod
474 2994 594 3059 coniicit
623 2995 703 3076 quod
730 3011 784 3076 pro
813 2993 868 3058 dec
891 2996 1051 3060 ueneretur
1080 2997 1136 3060 aut
1170 2996 1225 3078 qui
1256 3013 1351 3078 pecus

236 3093 371 3160 trucidat
391 3096 548 3162 innoxium
561 3096 714 3180 sacrisque
728 3097 864 3163 incendit
878 3096 1027 3163 altaribus
1042 3098 1124 3177 thus,
1147 3098 1175 3162 is
1189 3098 1379 3164 habendusa

236 3199 283 3264 est
304 3197 394 3262 robus
416 3197 537 3263 deditus
560 3204 625 3264 esse
648 3198 769 3265 diuinis.
800 3199 901 3282 opinio
923 3200 1106 3283 religionem
1127 3199 1204 3265 facit
1220 3201 1253 3264 et
1268 3202 1353 3264 recta

237 3301 274 3366 de
302 3300 361 3364 diis
390 3317 490 3378 mens,
522 3305 558 3366 ut
586 3301 666 3366 nihil
695 3319 745 3366 eos
774 3301 928 3366 existimes
957 3305 1061 3368 contra
1091 3303 1182 3368 decus
1211 3304 1352 3386 propriae

236 3401 441 3468 sublimitatis
466 3405 617 3486 appetere.
651 3421 721 3468 cum
752 3404 833 3468 enim
855 3405 966 3469 cuncta
985 3423 1063 3487 quae
1084 3404 1133 3468 his
1155 3405 1273 3468 dantur
1295 3405 1351 3470 suh

236 3505 333 3570 oculis
355 3505 406 3569 hic
426 3505 540 3570 nostris
561 3505 720 3571 uideamus
743 3506 874 3584 absumi,
897 3507 971 3588 quid
987 3507 1026 3572 ad
1041 3524 1091 3572 eos
1105 3507 1191 3572 aliud
1206 3506 1247 3571 ab
1263 3508 1352 3573 nobis

237 3608 400 3674 dicendum
427 3609 475 3672 eet
500 3607 658 3690 peruenire
686 3608 747 3673 nisi
775 3610 931 3692 opiniones
958 3610 1018 3675 diis
1046 3609 1155 3693 dignas
1184 3609 1216 3673 et
1246 3627 1379 3678 serame
1427 3675 1428 3678 ,

270 3863 284 3916 1
297 3861 459 3916 mortalitati
475 3859 524 3916 Gal
608 3860 761 3916 obeuntium
777 3861 844 3916 Urs:
856 3860 991 3917 obountib.
1004 3861 1031 3914 P
1041 3860 1213 3914 subeuntium
1230 3861 1282 3916 θεῖ
1294 3863 1351 3916 oba-

236 3947 309 4001 untis
327 3947 471 4002 Mouraiuo
572 3947 589 4000 6
608 3947 700 4001 raedae
718 3948 746 4001 P
846 3948 863 4000 9
881 3945 970 4000 credat
993 3945 1045 4000 Ura
1146 3946 1179 3999 11
1198 3950 1309 4002 sanctae
1325 3949 1352 4001 P

235 4048 297 4088 corr
391 4031 508 4086 mitibus
525 4032 553 4086 P
569 4047 631 4086 corr
647 4037 668 4086 c·
764 4032 797 4086 12
814 4047 954 4100 aequorum
971 4031 999 4085 P
1090 4031 1269 4086 theatralibus
1288 4033 1348 4098 Sub,

236 4134 266 4172 r.-
283 4117 446 4173 thetralihus
463 4118 491 4172 P
568 4118 602 4171 13
619 4119 647 4170 et
663 4123 727 4172 orote
744 4115 987 4172 delectarioraGei
1066 4115 1100 4170 14
1117 4117 1171 4170 ista
1184 4117 1285 4172 addidi

235 4203 339 4257 mollire
354 4203 406 4258 Urs
474 4203 506 4257 17
518 4219 559 4257 res
573 4202 637 4258 Get:
648 4218 704 4258 esse
715 4202 906 4257 resPiisesse
917 4217 957 4256 res
969 4201 1188 4258 Hiidobrorcdiua
1256 4204 1291 4258 19
1302 4203 1348 4256 tri·
1424 4229 1426 4240 v

235 4289 342 4343 uialitar
355 4289 426 4343 Sub:
444 4288 617 4343 tibialiterP
691 4289 992 4356 22pectorumeore'peo':
1008 4289 1167 4357 partiumP
1240 4289 1275 4343 25
1287 4289 1349 4343 thus

236 4373 334 4428 addidi
400 4374 432 4426 at
445 4375 564 4442 propriae
576 4373 1084 4443 Gupetao:prouuptaoPpraesumptae
1097 4373 1146 4429 Gai
1214 4373 1349 4430 aouch
