2916 5010
263 428 324 494 106
560 425 703 480 Arnobii
728 427 886 482 aduersus
909 427 1065 482 nationes

260 600 383 679 Pinum,
416 599 513 690 Fauni
535 599 653 681 patrem
675 602 768 680 atque
789 619 883 664 auum
904 599 1030 664 Latini?
1064 598 1229 681 Saturnus,
1257 600 1294 663 ut
1318 617 1375 662 uos

260 703 343 768 idem
370 703 482 768 uestris
508 701 630 785 seriptis
657 705 749 783 etque
776 701 952 767 auctoribus
978 701 1115 767 traditis.
1148 720 1220 786 ergo
1247 703 1274 766 si
1294 702 1376 766 haec

261 807 307 871 ita
327 807 407 884 sunt,
430 807 567 888 sequitur
588 805 624 869 ut
645 805 738 870 Piens
761 805 791 870 et
806 805 944 888 Iuppiter
958 805 1171 888 germanitatis
1187 805 1246 870 sibi
1261 805 1375 869 sociati

260 911 324 975 sint
345 911 420 988 iure,
442 909 546 990 utpote
567 927 627 972 uno
649 926 684 972 ex
706 909 853 992 sanguiue
875 925 995 990 unoque
1017 927 1052 974 ex
1074 907 1190 973 semine
1205 908 1371 991 procreati.

261 1015 497 1080 oonseutaneum
518 1012 565 1076 ast
584 1011 631 1076 ita
653 1029 717 1076 esse
748 1010 829 1094 quod
862 1013 983 1078 dieitur.
1017 1010 1056 1076 ab
1071 1013 1145 1077 Ioue
1160 1013 1192 1077 et
1205 1011 1279 1076 Pioo
1294 1011 1375 1092 quot
1398 1036 1409 1073 s

261 1117 333 1183 sunt
353 1116 473 1199 generis
488 1134 583 1197 usque
603 1115 643 1179 ad
656 1115 801 1180 Latinum
823 1117 957 1199 gradus?
979 1115 1063 1194 trini,
1084 1115 1121 1179 ut
1134 1114 1251 1180 indieat
1265 1114 1373 1178 series.

259 1211 357 1284 ‘uultis
378 1219 519 1294 Faunus,
541 1216 667 1282 Latinus
689 1218 721 1282 ot
741 1218 833 1283 Pione
862 1219 950 1284 annis
979 1219 1113 1282 suxerint
1139 1218 1255 1282 nicenis
1277 1219 1376 1298 atque

261 1321 420 1387 centenis?
455 1323 539 1387 ultra
571 1322 653 1386 enim
686 1323 817 1405 negatur
849 1340 937 1405 posse
968 1321 1102 1386 hominia
1134 1321 1201 1385 uita
1233 1320 1373 1402 produci.

260 1425 433 1490 aestimatio
466 1425 548 1490 iusta
575 1428 605 1489 et
632 1425 751 1506 liquida
778 1428 833 1490 est.
871 1426 999 1490 trecenti
1028 1443 1099 1509 ergo
1127 1419 1200 1489 sunt
1227 1423 1313 1505 pleni
1343 1425 1376 1488 at

208 1539 213 1546 ’
261 1527 419 1610 sexaginta
448 1531 519 1610 post
544 1527 599 1590 hos
626 1528 721 1592 anni?
756 1547 804 1594 res
825 1529 871 1593 ita
897 1530 952 1606 est,
976 1531 1011 1592 ut
1032 1527 1154 1592 indioat
1181 1529 1409 1609 supputationi

260 1632 346 1696 errius
361 1649 444 1696 soeer
458 1631 585 1695 Latinus
601 1630 684 1694 fuit?
706 1631 835 1696 Aeneae.
851 1631 970 1715 genitor
986 1633 1102 1696 Aeneas
1118 1631 1227 1696 ouius?
1243 1631 1376 1696 Ascanii

260 1734 373 1798 Albani
388 1734 491 1816 oppidi
507 1734 679 1800 conditoris.
703 1736 776 1816 quot
790 1735 870 1817 apud
886 1733 1002 1799 Albam
1018 1736 1181 1818 regnatum
1197 1739 1243 1798 est
1259 1736 1375 1799 annis?

259 1836 490 1919 quadringentis
518 1839 549 1900 et
575 1853 667 1919 prope
695 1837 743 1902 bis
775 1837 871 1902 denis.
914 1837 1025 1903 aetatis
1058 1839 1131 1902 urbs
1154 1837 1251 1901 Roma
1283 1839 1375 1902 euius

260 1958 325 2004 osse
346 1940 378 2003 in
401 1939 560 2004 annalibus
582 1940 758 2004 indicatur?
780 1957 874 2003 annos
897 1938 982 2004 duoit
998 1939 1222 2022 quinquaginta
1236 1944 1268 2004 et
1283 1940 1375 2005 mille

259 2047 313 2108 aut
341 2060 400 2107 non
427 2043 561 2107 multum
583 2043 690 2109 abhis
712 2043 823 2107 minua.
857 2061 927 2128 ergo
949 2043 988 2107 ab
1009 2043 1100 2121 Ioue,
1130 2043 1183 2124 qui
1205 2041 1302 2107 frater
1326 2044 1375 2106 est
1384 2065 1406 2103 a

259 2146 325 2210 Pioi
357 2145 468 2227 quique
496 2146 582 2227 pater
609 2147 655 2210 est
685 2146 837 2210 minorum
867 2149 897 2210 et
924 2145 1112 2228 reliquorum
1133 2144 1275 2222 deorum,
1298 2146 1373 2209 anni

260 2249 298 2314 ad
320 2249 392 2312 haee
413 2249 551 2331 tempora
572 2266 664 2330 prope
678 2248 768 2312 milia
782 2247 842 2312 duo
857 2248 930 2312 sunt
951 2247 1006 2313 aut
1024 2247 1120 2330 pleni,
1142 2248 1179 2312 ut
1198 2247 1374 2331 largiamur

259 2351 363 2415 aetati.
397 2351 476 2432 quod
498 2369 568 2415 oum
590 2332 734 2434 redargui
756 2367 815 2414 non
831 2351 938 2432 possit,
961 2367 1020 2414 non
1036 2351 1161 2415 tantum
1176 2368 1279 2415 reeens
1295 2352 1374 2415 nata

260 2454 366 2536 religio
394 2453 565 2518 ostenditur
593 2472 685 2534 quam
714 2452 820 2531 obitis,
849 2454 895 2518 set
924 2453 1055 2518 infantes
1084 2453 1116 2518 et
1137 2453 1284 2536 paruulos
1306 2473 1374 2519 esse

258 2557 340 2640 ipsos
362 2555 461 2620 adhue
483 2556 563 2634 deos,
586 2556 696 2637 quibua
718 2559 823 2622 tauros
846 2559 937 2638 atque
959 2558 1036 2622 alias
1056 2557 1174 2622 hostias
1195 2578 1267 2623 eum
1289 2559 1407 2641 peri-ao

259 2659 328 2725 aulo
355 2658 555 2740 corruptionis
589 2659 770 2743 suggeritis,
805 2677 879 2741 quos
907 2661 1067 2741 oportebat
1096 2661 1195 2725 adhue
1223 2661 1374 2725 mammis

211 2756 351 2843 reasque
372 2760 489 2826 stillato
511 2761 592 2826 lacte
618 2763 739 2826 nutriri.
772 2763 806 2826 at
826 2762 987 2846 religiones
1008 2764 1128 2828 uestrae
1151 2762 1260 2828 multis
1283 2765 1374 2828 annis

260 2864 444 2948 praecedunt
469 2864 604 2928 nostram
627 2864 657 2928 et
678 2882 712 2929 eo
735 2866 807 2929 sunt
835 2865 967 2930 rariores
1000 2865 1080 2946 quod
1107 2867 1274 2932 uetustatis
1297 2887 1373 2932 auo-

132 2966 389 3031 reruobritate
410 2967 548 3032 munitae
569 2967 649 3032 sunt.
676 2966 680 3053 Ι
706 2970 737 3032 et
759 2968 832 3050 quid
855 2987 904 3032 aas
919 2969 1042 3049 prodest
1060 2969 1147 3036 annis
1163 2989 1254 3052 quam
1270 2971 1374 3052 pluri-

258 3069 319 3136 mis
341 3070 471 3150 anteire‚
499 3089 568 3135 oum
590 3090 608 3136 a
629 3072 711 3158 nerto
733 3072 887 3153 eoeperint
909 3073 1059 3154 tempore,
1088 3074 1143 3138 aut
1166 3073 1259 3155 spatii
1282 3075 1407 3140 ouinss

259 3173 331 3238 sunt
362 3172 449 3237 milia
477 3192 623 3239 annorum
657 3175 715 3239 duo
756 3176 945 3240 saeculorum
972 3175 1070 3241 tantis
1096 3177 1272 3259 comparata
1298 3195 1373 3242 oum

292 3495 537 3551 lfaoniPoorrc⁴
637 3496 791 3551 iidemuoe
804 3495 857 3552 Sub
959 3496 1300 3564 3garmanitatiPoorrc⁴

258 3583 459 3638 teuntPoorr
525 3583 676 3652 biarby?
731 3584 841 3652 quodP
907 3581 1305 3653 bgradannb,r:granusP

260 3667 324 3722 'lior
341 3683 382 3739 mp
525 3669 557 3721 11
575 3669 680 3738 genitor
698 3671 798 3724 Aeneas
820 3669 950 3723 Ziatioos:
976 3668 1082 3737 genitor
1103 3670 1230 3724 «alatinur
1248 3672 1276 3725 P
1294 3673 1373 3740 geni-

258 3755 324 3808 toris
343 3754 457 3808 tatinns
476 3753 529 3808 aab
554 3755 681 3822 genitoris
697 3755 787 3809 Latini
806 3755 855 3809 aaz
885 3757 990 3825 genitor
1007 3758 1031 3812 ia
1048 3757 1093 3811 ael
1115 3759 1243 3827 genitoris
1260 3759 1373 3812 Ascanii

259 3857 301 3895 om
318 3841 392 3894 ouius
413 3839 464 3893 Urs
481 3838 586 3908 genitor
602 3842 724 3909 generis
742 3840 833 3894 Latini
849 3841 991 3898 Meoreo'ue
1007 3845 1114 3914 genitor
1131 3844 1154 3907 is
1170 3843 1279 3897 Ascanii
1293 3844 1373 3900 Salm

258 3927 364 3998 genitor
374 3941 454 3994 gener
465 3923 556 3978 Latini
568 3925 769 3981 Klmoeaaous
852 3926 959 3981 Ascanii
972 3929 1069 3982 reciditis⁸
1149 3929 1182 3982 12
1192 3915 1302 3997 quodP
1447 3971 1448 3980 ,

258 4014 291 4067 13
309 4011 372 4066 urbs
391 4010 463 4065 Sao.-
479 4011 542 4065 nrbe
560 4011 587 4065 P
694 4013 726 4066 14
743 4012 883 4066 annalibus
902 4013 971 4068 sae.-
988 4015 1093 4070 aulibus
1110 4016 1138 4069 P
1235 4015 1373 4070 iudicatur

259 4097 314 4151 Sab
409 4096 440 4150 17
454 4097 523 4150 atP
617 4096 688 4150 haud
701 4097 755 4151 Sob
853 4097 1147 4166 largeamurPoorro‘
1243 4101 1275 4156 19
1288 4116 1371 4169 quam

260 4181 328 4236 Sabe
345 4181 448 4249 quasP
547 4181 702 4237 mersae.-
719 4183 786 4236 etP
886 4185 1027 4254 religiones
1041 4186 1106 4239 Sub:
1125 4186 1263 4255 religionis
1277 4187 1305 4240 P

258 4267 291 4320 23
309 4267 467 4321 uestuatatis
485 4267 513 4320 P
