2888 5008
244 473 307 540 266
550 469 690 524 Arnobii
711 469 871 524 aduersus
892 469 1045 523 nationes

245 643 442 727 occuparique
457 643 493 708 ut
507 642 564 707 hoo
578 643 706 726 possint,
730 645 813 709 lenes
828 641 995 708 audiendae
1010 644 1082 706 sunt
1096 640 1213 706 neniae
1230 637 1363 716 lauatio,

244 747 362 828 inquit,
395 745 487 810 deum
513 745 622 810 matris
651 747 698 811 est
725 745 825 811 hodie.
858 743 1035 810 sordescunt
1062 743 1144 810 enim
1172 741 1239 807 cliui
1268 745 1302 806 et
1325 741 1366 806 ad

245 837 347 918 araci
377 848 519 914 eluendas
549 847 726 916 lacentibus
755 849 842 931 aquis
871 865 946 931 opus
975 848 1067 930 atqm
1089 846 1241 912 adiuncta
1257 843 1367 928 aliqua

245 951 355 1016 cineris
384 949 534 1016 frictione.
567 950 651 1016 Ionis
675 952 801 1034 epulum
827 969 894 1016 cras
916 951 973 1016 est.
1007 949 1147 1034 Iuppiter
1168 949 1262 1014 enim·
1275 948 1368 1013 cenat

244 1055 425 1138 magnisque
452 1053 627 1136 implendus
649 1054 697 1118 est
719 1053 865 1137 dapibus,
894 1052 1076 1118 iamdudum
1101 1051 1205 1116 inedia
1226 1043 1395 1135 gestio'nss

244 1157 275 1221 et
297 1156 503 1222 anniuersario
528 1154 740 1221 interiectione
766 1154 897 1222 ieiunus.
920 1157 941 1236 †
964 1153 1142 1236 Aesculapii
1169 1153 1293 1238 geritur
1314 1171 1367 1218 ae·

243 1260 439 1341 lebratnrqne
460 1257 623 1324 nindomia.
646 1257 751 1323 colunt
773 1257 856 1323 enim
878 1256 922 1324 dii
943 1258 1049 1322 uineas
1073 1259 1104 1322 et
1119 1256 1158 1321 ad
1181 1273 1252 1320 suas
1278 1255 1365 1320 usio-

243 1380 296 1426 nes
319 1361 484 1427 contractis
507 1361 688 1444 exprimunt
709 1361 984 1427 uindemiatoribus
998 1361 1116 1426 uinum.
1135 1358 1368 1426 lectisternium

244 1463 359 1530 Oenone
382 1464 442 1530 erit
463 1463 569 1531 idibus
589 1463 749 1546 proximis.
783 1463 896 1529 habent
917 1463 1002 1528 enim
1023 1463 1068 1528 dii
1094 1462 1189 1527 lectos
1213 1463 1309 1543 atque
1332 1463 1368 1526 ut

243 1567 350 1632 stratis
372 1566 491 1650 possint
512 1566 705 1632 mollioribus
727 1566 881 1646 incubare,
903 1566 1103 1650 puluinorum
1124 1565 1248 1630 tollitur
1272 1564 1396 1648 atqueo

243 1669 394 1734 excitatur
426 1668 582 1751 inpressio.
616 1668 751 1736 Telluris
778 1669 893 1735 natalis
921 1671 976 1735 est.
1010 1668 1055 1733 dii
1088 1669 1171 1734 enim
1200 1686 1237 1733 en
1268 1669 1370 1734 ulons

243 1773 393 1857 prodeunt
414 1772 446 1837 et
460 1771 576 1836 habent
591 1771 655 1838 dies
670 1771 768 1838 laetos
790 1772 901 1855 quibus
927 1772 971 1836 eis
987 1771 1176 1854 adscriptum
1191 1772 1240 1836 est
1255 1791 1371 1838 auran

194 1877 234 1940 33
244 1891 389 1956 usurpem
410 1874 548 1938 uitalem.
581 1873 649 1939 ludi
671 1891 753 1955 nero,
777 1891 852 1957 quos
868 1873 980 1956 facitis,
1001 1863 1114 1957 quibus
1134 1873 1315 1940 Floralibus
1339 1875 1371 1938 et

242 1976 441 2062 Megalensiis
467 1994 577 2042 nomen
600 1977 648 2042 est
670 1976 821 2059 ceterique
843 1962 952 2042 'omues
974 1976 1030 2041 alii
1061 1995 1137 2060 qnos
1167 1995 1232 2042 esse
1262 1994 1370 2042 sacros

242 2080 386 2146 uoluistis
408 2080 439 2145 et
460 2079 644 2163 religionum
673 2079 754 2145 inter
783 2078 885 2145 officia
913 2079 1053 2162 deputari
1089 2097 1181 2162 quam
1209 2079 1398 2144 rationemn

242 2183 370 2262 habent,
400 2201 492 2265 quam
521 2201 661 2261 caumm,
692 2183 728 2247 nt
757 2182 881 2248 institui
910 2181 1058 2265 condique
1089 2182 1251 2248 debuerint
1276 2176 1317 2247 et'
1334 2201 1370 2247 er

242 2284 631 2368 numinumappallatione
654 2284 792 2368 signari?
824 2286 1026 2364 honorantur,
1053 2285 1169 2368 inquit,
1191 2284 1243 2350 his
1267 2285 1315 2350 dii
1339 2286 1370 2350 et

242 2389 357 2470 siquas
373 2388 411 2454 ab
426 2387 602 2454 hominibus
619 2387 776 2452 continent
787 2386 988 2454 offensionum
1002 2387 1166 2453 memorias
1181 2387 1368 2465 inlaturum,

242 2490 394 2570 abiciunt,
426 2491 589 2556 excludunt
617 2490 808 2572 redduntque
829 2509 862 2556 se
882 2490 971 2555 nobis
997 2490 1205 2575 redintegrata
1227 2489 1369 2556 familia

242 2593 334 2659 ritate
356 2592 499 2659 scabres.
529 2594 561 2659 et
580 2612 660 2675 quaa
679 2611 770 2658 causa
789 2597 836 2659 est
856 2611 972 2670 nnsus,
994 2593 1030 2658 ut
1051 2593 1223 2676 tranquilli,
1247 2593 1396 2676 placidia

243 2695 416 2762 efficiantur
438 2697 469 2760 et
490 2696 591 2773 mites,
613 2696 736 2778 ineptae
758 2695 785 2761 si
807 2713 855 2762 res
877 2695 954 2762 fiant
975 2697 1061 2762 stab
1083 2696 1262 2762 hominibus
1286 2697 1368 2762 otio-

159 2797 287 2864 auersis
317 2798 517 2865 multitudine
542 2796 547 2882 Ι
573 2800 732 2881 spectante
760 2798 912 2864 ludatur?
945 2800 1033 2883 ponit
1061 2799 1180 2864 animos
1211 2798 1368 2882 Iuppiter,

244 2901 272 2967 si
293 2901 500 2985 Amphitryon
526 2901 618 2967 luerit
640 2904 727 2967 actus
749 2903 1027 2985 pronuntiatusque
1050 2901 1233 2982 Plautinus,
1262 2903 1321 2967 aut
1343 2901 1368 2967 si

148 3060 150 3065 .
243 3004 376 3085 llnropa,
398 3003 425 3068 si
439 3004 531 3082 Leda,
554 3003 746 3087 Ganymedes
768 3004 862 3070 fuerit
883 3005 1017 3071 saltatus
1035 3008 1090 3070 ant
1104 3005 1219 3084 Danae,
1243 3009 1368 3070 motum

245 3106 400 3189 conpescit
428 3106 565 3172 harum?
598 3107 809 3189 tranquillior,
838 3107 935 3173 lenior
956 3108 1058 3174 Mater
1080 3109 1194 3192 Magna
1217 3106 1394 3184 efficitune

133 3263 135 3268 ,
245 3209 273 3276 si
287 3208 407 3274 Attidis
423 3209 612 3290 conspexerit
630 3209 764 3291 priscam
778 3209 917 3275 refricari
932 3210 970 3275 ab
985 3209 1187 3278 histrionibus
1202 3209 1368 3275 fabulam?

245 3311 425 3377 obliterabit
446 3311 593 3376 offensam
614 3310 734 3388 Venus,
757 3313 784 3376 si
805 3312 922 3378 Adonis
943 3313 975 3378 iu
997 3312 1106 3378 habitu
1128 3313 1253 3396 gestum
1277 3331 1368 3397 agere

245 3412 360 3478 uiderit
381 3413 549 3478 saltatoriis
570 3413 603 3477 in
625 3413 760 3479 motibus
787 3414 1035 3497 pantomimum?
1064 3413 1239 3499 indignatio
1262 3416 1368 3481 relan-

245 3516 364 3602 guescit
385 3517 528 3594 Alcidae,
556 3516 583 3580 si
609 3516 767 3598 tragoedia
789 3516 946 3599 Sophoclis
974 3517 1024 3584 eui
1047 3516 1231 3583 Trachinius
1252 3535 1368 3584 nornen

280 3705 296 3758 1
313 3703 483 3772 occuparique
501 3702 572 3758 Sub:
590 3703 764 3773 occupatique
780 3703 807 3757 P
907 3704 1032 3774 cariquc
1054 3705 1123 3760 Urs.-
1140 3705 1254 3774 antiqua
1272 3706 1301 3760 P

245 3789 442 3859 laepnlumP
537 3789 657 3844 bmedia
670 3789 725 3844 Sub
817 3789 1017 3860 besonlapiiP
1107 3790 1183 3861 lad]
1196 3790 1231 3844 ab
1244 3791 1301 3847 aaa

246 3891 308 3930 suas
325 3875 429 3930 udones
448 3874 535 3928 Sola·
559 3874 726 3928 suasionibus
744 3875 773 3930 P
889 3876 906 3930 8
923 3875 1055 3930 contracti
1073 3875 1128 3930 Sub
1245 3877 1262 3931 9
1281 3893 1370 3932 caere·

245 3961 323 4016 risP
423 3959 457 4015 14
473 3959 632 4029 megalensis
645 3961 674 4014 P
681 3976 743 4016 corr
761 3959 958 4030 megalensibus
969 3961 1026 4016 Sub
1130 3961 1163 4016 15
1175 3961 1247 4016 iuter
1260 3963 1327 4030 Sub,
1340 3979 1370 4017 r.-

246 4046 298 4100 iter
310 4047 337 4101 P
426 4047 460 4101 18
471 4046 608 4100 illatarum
625 4046 692 4101 Usa.-
709 4047 809 4102 inlatas
821 4047 850 4102 P
942 4047 975 4102 19
986 4046 1185 4102 familiaritates
1198 4049 1226 4102 P
1237 4064 1303 4103 eurr

246 4131 280 4187 21
298 4132 417 4202 ineptae
433 4133 462 4188 P
561 4133 596 4186 22
612 4132 741 4188 ludantur
758 4133 873 4188 Zahbiue
974 4133 1008 4188 23
1025 4131 1186 4202 anphytrion
1204 4135 1233 4188 P
1249 4134 1370 4204 Amphy-

247 4217 300 4272 trio
318 4217 373 4272 Sub
492 4217 524 4272 27
543 4215 697 4273 obhterabit
714 4217 786 4272 Sub.-
808 4207 963 4275 obliterauit
980 4219 1008 4274 P
1118 4219 1371 4288 aia-pantomimum

248 4303 319 4358 aab:
335 4303 553 4371 pantomimusP
643 4303 825 4373 relanguescet
844 4305 898 4359 Sub
989 4305 1023 4360 29
1041 4305 1148 4360 aoloclis
1166 4307 1194 4360 P
1287 4309 1371 4363 traci·

248 4388 308 4440 niae
326 4387 353 4440 P
368 4386 489 4442 trachine
507 4387 562 4442 Sub
