2916 5010
279 513 321 582 84
578 511 719 567 Arnobii
742 511 905 567 aduersus
929 514 1086 569 nationes

277 687 360 753 modi
382 685 483 766 sciret,
506 685 539 751 in
561 704 685 768 corpora
705 685 750 750 ire
772 685 907 765 iussisse,
930 705 1060 768 quorum
1079 685 1204 750 indutae
1219 685 1398 750 carceribus

279 789 335 856 sub
356 788 497 874 procellis
518 790 645 874 agerent
663 788 960 871 tempestatibusque
974 788 1088 854 cotidie
1102 787 1241 853 fortunae
1256 788 1289 853 61
1303 790 1398 852 modo

277 892 380 974 turpia
401 891 533 958 facerent
555 892 645 956 modo
666 892 845 973 paterentur
866 891 1009 970 obscena,
1032 890 1199 975 naufragiis
1221 889 1320 954 ruinis
1346 891 1396 954 in-

278 995 451 1061 cendiorum
467 993 755 1078 conflagrationibus
770 993 806 1058 ut
819 993 965 1078 perirent,
981 993 1141 1077 pauperies
1157 993 1243 1071 alias,
1260 994 1341 1058 alies
1358 995 1395 1058 ut

277 1097 459 1164 mendicitas
492 1098 657 1178 premeret,
693 1096 729 1161 61
760 1097 896 1161 ferarum
926 1096 1104 1177 paterentur
1137 1096 1216 1161 aliae
1243 1096 1426 1174 laniatusr

277 1201 486 1266 muscularum
512 1200 590 1264 aliae
611 1201 647 1265 ut
668 1199 830 1264 interirent
851 1217 980 1279 ueneno,
1010 1200 1136 1265 claudae
1159 1200 1194 1263 ut
1215 1199 1398 1263 incederent

277 1303 364 1383 aliae,
397 1303 433 1367 61
461 1302 539 1367 61166
565 1303 671 1367 lumen
697 1302 887 1381 amitterent,
920 1303 956 1367 ut
982 1303 1121 1368 articulis
1150 1303 1291 1367 sederent
1314 1302 1397 1366 aliae

277 1407 440 1491 colligatis,
461 1405 577 1471 morbis
598 1405 729 1488 denique
745 1405 973 1471 obiectarentur
992 1406 1028 1469 ut
1043 1405 1169 1483 conctis,
1192 1423 1267 1486 quos
1283 1405 1397 1469 infelix

277 1513 308 1575 et
330 1509 502 1575 miseranda
522 1509 696 1575 mortalitas
718 1509 910 1574 diuersarum
938 1507 1070 1574 sustinet
1092 1508 1258 1573 dilacerata
1280 1542 1297 1575 a
1315 1509 1397 1572 Poe-

226 1643 231 1658 *
276 1631 399 1689 narum3
432 1614 507 1677 tunc
529 1611 639 1677 deinde
661 1611 777 1676 oblitae
797 1611 887 1677 unius
909 1629 974 1676 esse
996 1629 1027 1676 se
1049 1612 1160 1689 fontis,
1190 1611 1282 1675 unius
1306 1613 1425 1694 geni-n

192 1715 405 1784 66666661
428 1715 546 1798 capitis,
570 1714 785 1800 germanitatis
809 1715 815 1800 Ι
843 1714 1050 1780 conuellerent
1066 1716 1159 1795 atque
1173 1713 1396 1797 abmmperent

277 1819 353 1898 iura,
375 1819 465 1884 urbes
487 1837 558 1883 suas
580 1819 760 1897 auerterent,
783 1817 1002 1901 popularentur
1023 1816 1180 1883 hostiliter
1194 1819 1305 1895 terras,
1327 1837 1395 1882 ser·

277 1939 331 1986 uos
353 1921 390 1986 de
410 1921 515 1987 liberis
536 1921 686 2001 facerent,
717 1920 903 1986 insultarent
933 1919 1106 2004 uirginibus
1129 1921 1161 1985 et
1183 1919 1395 1986 matrimoniis

276 2025 393 2104 alienis,
415 2024 550 2090 odissent
572 2024 705 2090 inuicem
728 2042 808 2103 sose,
833 2024 963 2088 aliorum
987 2023 1108 2108 gaudiis
1132 2025 1163 2088 et
1185 2022 1395 2089 felicitatibus

276 2128 460 2206 inuiderent,
494 2128 561 2192 tum
590 2125 701 2191 deinde
723 2145 755 2191 sc
777 2143 881 2190 omnes
908 2124 1141 2204 maledicerent,
1176 2127 1340 2207 carperent
1365 2129 1422 2192 eta

227 2234 266 2296 rt
275 2247 434 2296 saeuorum
455 2230 596 2295 dentium
611 2228 809 2294 mordacitate
824 2227 988 2294 laniarent.
1011 2228 1064 2292 sed
1080 2228 1184 2309 procul
1199 2229 1274 2293 haec
1289 2229 1394 2307 abeat,

274 2335 311 2399 nt
332 2335 437 2398 eadem
458 2351 562 2397 rursus
585 2332 832 2414 frequentiusque
855 2331 1001 2410 dicamus,
1024 2333 1091 2395 tarn
1108 2331 1255 2397 immanis
1271 2333 1304 2396 et
1327 2353 1395 2398 sce-

273 2437 370 2502 lerata
391 2435 561 2519 persuasio,
591 2434 702 2498 utillo
725 2433 807 2499 66166
829 2451 930 2498 rerum
952 2434 1042 2512 dens,
1074 2434 1212 2500 omniurn
1234 2434 1394 2500 uirtutum
1451 2457 1452 2474 ¹

275 2541 375 2622 caput,
397 2539 602 2622 benignitatis
618 2539 649 2602 61
663 2539 813 2618 columen,
836 2539 928 2620 atque
942 2539 978 2603 ut
1001 2556 1070 2603 eum
1093 2537 1235 2604 laudibus
1259 2539 1392 2605 extolle·

275 2663 344 2707 mus
358 2643 509 2720 humanis,
532 2640 788 2723 sapientissimus,
810 2641 922 2720 iustus,
945 2641 1080 2723 perfecta
1094 2642 1197 2706 omnia
1219 2641 1337 2708 faciens
1362 2644 1421 2709 etro

275 2745 465 2829 integritatis
497 2763 570 2809 suae
602 2745 814 2809 666666666116
846 2744 1016 2809 mensiones
1050 2745 1104 2809 661
1130 2745 1249 2826 aliquid
1277 2745 1390 2811 fecerit

276 2849 419 2913 claudum
441 2849 473 2913 61
493 2846 573 2929 quod
594 2847 697 2911 minus
713 2848 792 2912 66661
808 2847 931 2926 arceto,
955 2849 1010 2912 661
1029 2847 1086 2911 6111
1109 2849 1154 2912 661
1175 2848 1271 2912 166611
1292 2849 1393 2913 mise·

275 2952 392 3016 riarum
420 2954 474 3017 aut
496 2951 709 3015 discriminum
736 2969 843 3029 causa,
875 2951 929 3014 aut
956 2949 1037 3033 ipsos
1065 2952 1151 3016 66166
1181 2952 1293 3034 quibus
1325 2955 1395 3018 uita

274 3055 458 3138 transigitur
486 3058 516 3120 et
543 3055 713 3120 celebratur
738 3054 874 3119 humana
906 3053 1106 3137 ordinauerit,
1141 3053 1267 3120 iusserit
1295 3057 1328 3120 61
1355 3058 1394 3121 61

277 3156 902 3240 66616666666611161166666666666611.
937 3157 1056 3222 minora
1083 3157 1158 3222 haec
1184 3157 1240 3222 illo
1264 3160 1340 3223 sunt
1364 3161 1394 3224 61
1403 3191 1423 3230 a

276 3261 498 3344 magnitudinis
520 3262 585 3325 eius
607 3259 796 3325 destruentia
817 3259 1003 3341 potestatem
1024 3260 1207 3342 tantumque
1226 3262 1274 3326 est
1288 3261 1393 3344 longe,

276 3366 312 3429 61
332 3365 463 3430 istarum
486 3364 590 3430 auctor
612 3381 714 3428 rerum
737 3381 801 3426 esse
816 3363 966 3442 credatur,
989 3364 1025 3427 ut
1045 3363 1078 3426 in
1094 3362 1259 3447 sacrilegae
1274 3363 1394 3429 crimen

310 3673 325 3725 1
343 3672 452 3726 iussisse
468 3672 530 3727 cet:
549 3672 672 3726 iussisset
684 3671 710 3724 P
814 3670 925 3724 indutae
938 3670 1007 3725 Sub:
1024 3669 1149 3725 inductae
1161 3671 1189 3723 P
1288 3670 1306 3722 2
1325 3672 1394 3725 tem·

275 3758 491 3827 pestatibusquac
509 3759 536 3812 P
553 3773 611 3812 corr
735 3755 930 3812 dmendacitas
949 3757 1004 3811 Sob
1132 3757 1279 3826 praemetet
1296 3757 1326 3810 P

275 3847 307 3898 ut
323 3844 438 3899 ferarum
456 3844 545 3899 Sator:
570 3843 735 3896 infernarum
754 3843 781 3896 P
796 3843 960 3896 internorum
982 3841 1033 3897 Ura
1150 3844 1304 3910 paterentur
1329 3841 1394 3896 eet.-

274 3930 477 3999 paterentutP
560 3928 675 3981 16616166
687 3929 868 3982 musculorum
884 3929 935 3982 Urs
1020 3927 1324 3982 tineederetPcorrc¹

274 4016 446 4070 9dilaoerata
457 4040 471 4066 a
484 4013 664 4080 (intercidisse
673 4014 787 4069 61616166
804 4014 963 4069 cruciatibus
980 4014 1025 4068 661
1043 4013 1223 4083 flagellatione
1241 4014 1286 4069 oet
1302 4015 1391 4070 6166116

274 4101 397 4168 uerbum)
420 4100 532 4168 accipet.-
558 4099 771 4154 dilacerationem
792 4101 819 4154 P
844 4099 1032 4154 dilaceratione
1057 4100 1112 4156 sao
1247 4115 1393 4168 poenarum

274 4188 359 4257 66166
462 4185 780 4242 12666616661Ρ66666
884 4187 917 4240 16
932 4173 1243 4242 6661661161ἔΡ66666
1346 4185 1394 4238 ha-

275 4271 337 4326 beat
352 4271 452 4327 Peorr
552 4273 586 4326 21
598 4273 746 4326 mansiones
760 4273 860 4330 Poorr
961 4273 996 4326 22
1012 4273 1115 4326 eminus
1130 4271 1227 4344 Sub,
1287 4271 1394 4326 abesset

274 4359 320 4412 661
342 4359 410 4412 66661
427 4361 586 4414 summotum
604 4358 809 4413 Ktoasmoooua
919 4357 953 4412 24
970 4374 987 4412 a
1005 4358 1060 4414 Sub
1171 4357 1205 4412 21
1222 4357 1303 4412 fluere
1322 4357 1393 4412 Sub:

275 4444 369 4500 flueret
385 4445 412 4499 P
513 4444 547 4498 27
564 4447 596 4499 61
613 4445 671 4501 odd
688 4445 744 4501 Sub
