2950 5006
635 474 733 528 Liber
751 473 773 528 Β
1218 475 1258 542 27

146 644 244 710 inlata
276 644 413 711 decessit.
454 645 644 730 Pythagoras
677 645 799 713 Samius
836 645 1007 730 suspicione
1042 645 1258 712 dominationis

145 747 261 814 iniusta
275 748 366 813 uiuus
381 751 588 816 concrematus
604 751 637 815 in
652 749 723 816 fano
739 750 801 816 est:
825 749 974 834 nnmqruid
1000 767 1034 814 oa
1055 768 1132 832 quae
1155 749 1259 815 docuit

145 849 211 916 uim
232 851 387 933 propriam
408 852 620 933 perdiderunt,
644 857 797 934 quianon
820 851 965 934 spiritum
986 852 1091 935 sponte
1114 851 1167 918 sed
1190 871 1258 918 cru·

146 953 272 1020 delibato
306 955 462 1037 adpetitus
495 954 625 1021 effudit?
669 955 813 1022 similiter
846 954 984 1022 Socrates
1016 955 1153 1022 ciuitatis
1186 974 1259 1020 suae

124 1047 258 1123 sindicio
280 1059 442 1124 damnatus
470 1057 597 1141 capituli
619 1059 757 1124 adfectus
779 1060 826 1124 est
850 1077 960 1142 poena:
994 1058 1143 1140 numquid
1164 1058 1259 1124 inrita

145 1161 226 1226 iacta
252 1162 324 1226 sunt
351 1179 427 1242 quae
453 1161 585 1226 suntab
608 1177 642 1226 eo
664 1161 703 1226 de
729 1162 866 1228 moribus
892 1161 1063 1226 uirtutibus
1091 1162 1122 1227 ιι
1149 1161 1258 1226 officiis

144 1263 311 1346 disputata,
333 1264 406 1346 quia
427 1263 540 1330 iniuria
561 1266 704 1349 expulsus
727 1285 743 1332 ι
764 1265 832 1331 uita
853 1267 923 1330 esti
951 1263 1188 1330 innumerabiles
1203 1265 1258 1330 elii

144 1366 242 1450 gloria
274 1367 305 1432 et
336 1367 466 1444 uirtute
490 1367 521 1433 et
555 1367 781 1434 existimatione
812 1368 961 1449 pollentes
993 1366 1259 1436 acerbissimarum

143 1468 290 1534 mortium
312 1471 427 1553 experti
449 1472 522 1536 sunt
544 1472 668 1550 formas,
691 1472 727 1536 ut
749 1470 893 1553 Aquilius
916 1469 1082 1536 Trebonius
1104 1470 1257 1554 Regulus:

109 1600 135 1639 rc
143 1572 292 1654 numquid
325 1573 438 1652 idcirco
469 1575 539 1656 post
571 1574 670 1639 uitam
696 1573 826 1639 iudicati
855 1575 928 1639 sunt
948 1575 1071 1657 turpes,
1105 1572 1260 1655 quianon

143 1673 265 1757 publica
286 1675 352 1760 lege
379 1675 513 1742 fatorum
536 1677 589 1743 sed
611 1677 720 1742 mortis
742 1675 907 1759 asperrimo
927 1693 1036 1760 genere
1058 1676 1184 1742 lacerati
1206 1696 1258 1741 ex-

144 1777 330 1860 cruciatique
362 1779 541 1862 perierunt?
577 1799 666 1845 nemo
702 1799 850 1862 umquam
878 1780 1020 1844 innocens
1051 1779 1133 1844 male
1161 1780 1257 1844 inter-

144 1883 266 1964 emptus
297 1880 424 1948 infamis
456 1884 517 1961 est,
551 1901 606 1948 nec
636 1882 840 1964 turpitudinis
868 1877 998 1947 alicuius
1029 1882 1258 1948 conmaculatus

143 1984 227 2063 note,
249 1985 302 2066 qui
324 2002 383 2049 non
406 2004 459 2050 suo
481 1985 591 2052 merito
613 2003 724 2069 poenas
747 1999 855 2072 manes
878 1985 931 2052 sed
954 1985 1130 2051 cruciatoris
1152 2003 1259 2069 perpe·

107 2111 134 2151 ιι
142 2087 222 2153 titur
254 2089 412 2154 saeuitato.
459 2090 490 2154 et
521 2089 640 2168 tanuen,
673 2089 784 2166 cisti,
819 2089 872 2170 qui
906 2088 1063 2154 hominem
1084 2106 1139 2154 nos
1161 2087 1304 2154 colerell
1381 2173 1385 2182 .

143 2193 241 2256 morte
275 2191 416 2258 fundum
446 2192 652 2276 ignominiosa
684 2193 807 2272 ridetis,
840 2209 938 2257 nonne
969 2191 1115 2256 Liberum
1146 2192 1177 2256 ιι
1203 2209 1257 2256 uos

143 2295 262 2377 patrem
277 2294 476 2361 membratim
491 2294 529 2360 ab
546 2295 667 2361 Titanis
681 2295 866 2378 dissipatum
881 2295 1021 2359 fanorum
1033 2294 1257 2360 consecratione

142 2397 308 2463 mactatis?
345 2414 442 2463 nonne
464 2397 682 2482 Aesculapium
710 2397 950 2463 medicaminum
976 2397 1160 2479 repertorem
1188 2398 1257 2479 post

143 2515 255 2583 posnas
278 2501 310 2565 et
332 2500 482 2584 supplicia
509 2499 651 2566 fulminis
680 2501 837 2566 custodem
859 2499 1093 2584 nuncupauistis
1116 2500 1147 2564 ιι
1168 2519 1257 2583 prac-

109 2602 241 2668 rosidem
263 2602 407 2669 sanitatis
429 2603 616 2670 ualetudinis
639 2604 670 2670 ιι
691 2603 823 2670 sdntisa
855 2621 954 2669 nonne
975 2603 1077 2685 ipsum
1091 2602 1256 2668 Herculem

143 2723 291 2792 magnum
313 2705 472 2772 sacrificiis
491 2706 604 2772 hostiis
627 2707 658 2771 ιι
679 2707 749 2770 turc
771 2705 913 2772 inuitatis
927 2706 1060 2786 incenso,
1084 2723 1173 2787 quern
1195 2704 1257 2787 ipsi

32 2797 37 2807 '
143 2825 197 2873 uos
211 2799 305 2873 'fortis
327 2808 436 2874 uiuum
457 2810 568 2875 arsisse
582 2809 653 2892 post
666 2827 778 2891 poenm
793 2808 824 2874 ot
839 2811 1065 2875 concrematum
1079 2808 1111 2873 in
1126 2806 1256 2872 funestis

143 2909 326 2978 busticetis?
348 2929 446 2978 nonno
460 2912 552 2978 illum
567 2912 659 2978 Attin
674 2912 829 2996 Phrygem
847 2914 851 2997 ι
870 2912 1023 2978 abscisum
1045 2911 1076 2976 ιι
1090 2911 1255 2994 spoliatum
1265 2925 1282 2976 r.
1293 2926 1326 2976 ra

143 3017 209 3082 uiro
233 3033 361 3099 magnac
383 3015 492 3081 rnatris
515 3015 548 3079 in
564 3013 665 3099 adytis
687 3014 779 3080 deum
800 3015 978 3098 propitium,
1002 3014 1094 3080 deum
1116 3015 1256 3080 sanctum

107 3117 303 3186 redallomm
338 3112 576 3184 conclamatione
609 3119 789 3184 testamini?
825 3135 922 3183 nonne
955 3118 1057 3200 ipsum
1090 3117 1257 3184 Romulum

142 3226 261 3308 patrem
291 3223 468 3288 senatorum
498 3221 640 3288 manibus
669 3221 870 3286 dilaceratum
893 3222 1016 3286 centum
1039 3220 1071 3286 ιι
1092 3220 1256 3302 Quirinum

142 3344 207 3392 esse
229 3325 379 3392 Martium
401 3325 504 3391 dicitis
526 3327 558 3388 et
584 3323 791 3398 sacerdotibus
807 3325 839 3388 ιι
864 3323 1079 3405 puluinaribus
1100 3323 1255 3390 honoratis

141 3431 173 3496 ιι
194 3430 227 3494 in
250 3430 375 3495 aedibus
397 3429 531 3495 adoratis
553 3429 752 3512 amplissimis
774 3429 894 3510 etpost
920 3428 993 3493 hacc
1015 3427 1117 3494 omnis
1138 3430 1256 3494 caelum

141 3532 311 3598 ascendisse
333 3532 466 3598 iuratis?
488 3533 542 3598 aut
564 3531 662 3616 igitur
684 3531 804 3596 ridendi
826 3533 858 3596 ιι
872 3548 927 3596 uos
943 3531 1026 3610 estis,
1050 3531 1102 3613 qui
1116 3531 1255 3596 homines

106 3659 132 3699 eo
141 3636 333 3720 grauissimis
357 3635 542 3702 cruciatibus
562 3635 762 3717 interemptos
784 3635 855 3700 deos
877 3633 994 3717 putatis
1017 3634 1048 3699 et
1069 3633 1178 3715 colitis,
1201 3635 1257 3699 aut

175 3889 330 3959 bospitali·
343 3891 369 3944 P
469 3889 546 3943 lali¹
563 3889 589 3942 P
619 3951 630 3973 .
689 3889 952 3944 8acernissimarum
969 3891 996 3941 P
1011 3904 1073 3944 corr
1164 3889 1195 3940 11
1213 3904 1255 3941 ex·

140 3975 299 4045 cruciatique
315 3978 342 4028 P
453 3975 486 4028 12
502 3974 651 4042 pereiemut
667 3976 694 4026 P
807 3975 994 4044 interremptos
1012 3977 1039 4027 P
1150 3974 1183 4027 lb
1199 3989 1255 4028 sae·

140 4061 227 4116 nitate
256 4062 321 4128 Urp:
340 4060 498 4114 saeuitatem
516 4059 544 4112 P
651 4060 683 4113 17
707 4060 801 4114 titanis
818 4062 844 4112 P
948 4060 1134 4114 consecrationi
1157 4060 1255 4128 aptatis
1366 4073 1373 4086 ·

141 4146 196 4202 Sao
300 4147 333 4200 18
349 4161 435 4205 nonne
448 4144 517 4200 Sub.-
534 4158 587 4198 non
605 4144 633 4198 P
734 4145 767 4198 21
784 4145 915 4199 hostibP
1014 4145 1172 4200 sarmentis
1188 4145 1255 4200 Urs.-

139 4231 289 4286 fnnestibus
306 4233 333 4283 P
450 4230 484 4284 23
500 4216 573 4299 frige
586 4231 613 4281 P
729 4231 874 4286 abscissum
891 4231 945 4287 Sub
1058 4231 1092 4286 24
1109 4232 1255 4302 propitium

138 4317 216 4372 deum
240 4317 329 4373 addc
354 4329 356 4335 ’
430 4318 465 4373 25
486 4332 553 4371 none
574 4318 600 4368 P
616 4332 710 4371 corrr
811 4318 844 4372 26
867 4324 1009 4372 sena¹⁰rum
1027 4320 1053 4372 P
1118 4363 1127 4384 ,
1152 4319 1186 4374 29
1208 4319 1254 4375 ho·

139 4405 220 4460 minis
237 4407 263 4457 P
279 4419 341 4460 corr
358 4421 373 4460 c
478 4402 513 4458 30
530 4402 687 4472 interempto
705 4405 732 4455 P
747 4419 840 4458 corre
