2950 5006
270 456 309 520 12
575 453 714 508 Aruobii
736 453 897 508 aduersus
920 454 1074 508 nationes

268 629 432 693 admodum
449 627 530 692 enim
553 645 602 693 res
625 628 676 712 agi
699 629 729 692 et
751 646 846 711 usque
868 628 906 692 ad
928 628 985 691 hoc
1006 629 1127 708 tempus
1149 644 1244 709 genus
1267 625 1382 708 quisset

267 732 376 812 durare
395 731 583 813 mortalium,
607 730 633 794 si
655 747 715 794 nou
730 731 834 796 omnia
855 749 931 813 quae
957 747 1029 794 usus
1044 730 1128 794 uitae
1153 729 1290 811 posceret
1311 729 1382 792 sub·

219 834 454 908 lsministraret
487 834 630 902 fertilitas
663 837 785 898 rerum?
815 835 867 898 sed
895 833 1020 898 fuerunt
1048 831 1209 914 aliquando
1236 831 1382 897 nonnulla

266 935 297 1000 in
320 937 552 1002 necessitatibus
573 937 727 1020 tempora:
751 939 782 1002 et
797 936 932 1001 relaxata
953 937 1027 1001 sunt
1049 934 1247 1000 abundantiis
1262 952 1381 1009 unsusr

264 1039 370 1104 contra
398 1039 591 1106 uoluntatem
622 1042 770 1123 quaedam
799 1040 880 1107 bella
913 1039 1143 1105 administrata:
1181 1040 1211 1102 et
1243 1037 1413 1103 uictoriise

265 1143 458 1224 postmodum
474 1142 722 1226 successibusque
745 1146 887 1210 correcta.
900 1215 903 1232 ,
917 1143 990 1226 quid
1013 1161 1093 1228 ergo,
1117 1141 1253 1207 dicemus
1272 1141 1382 1205 iniuri-

265 1264 352 1309 arum
379 1246 552 1311 uostrarum
579 1245 649 1311 deos
676 1246 766 1312 modo
794 1263 943 1311 memores
971 1265 1037 1311 esse
1063 1244 1152 1310 modo
1181 1262 1245 1310 esse
1277 1262 1382 1308 rursus

264 1348 480 1414 immemores?
516 1349 542 1413 si
570 1369 630 1432 quo
662 1350 798 1432 tempore
829 1349 926 1415 fames
957 1350 1002 1414 est
1031 1348 1103 1412 irati
1133 1365 1197 1414 esse
1228 1347 1381 1428 dicuntur,

264 1451 401 1532 sequitur
422 1454 457 1516 ut
472 1451 677 1518 abundantiae
698 1452 833 1534 tempore
854 1452 927 1516 irati
942 1453 973 1517 et
988 1450 1130 1518 difficiles
1152 1467 1213 1516 non
1231 1451 1310 1514 sint:
1334 1451 1381 1515 at-

263 1573 321 1636 que
343 1554 389 1619 ita
403 1555 578 1637 perducitur
598 1574 646 1620 res
666 1573 700 1620 eo
722 1557 758 1622 ut
772 1555 892 1620 uicibus
914 1555 1040 1620 ludicris
1063 1556 1094 1620 et
1113 1552 1227 1636 ponant
1249 1554 1281 1618 εὴ
1295 1572 1411 1634 repe-1⁰

263 1658 333 1722 tant
354 1657 414 1722 iras
437 1660 468 1724 et
490 1658 521 1722 iu
544 1660 698 1742 integrum
722 1679 753 1726 se
776 1677 894 1740 semper
915 1658 1115 1724 offensionum
1132 1689 1149 1721 a
1174 1657 1382 1722 recordatione

217 1761 436 1841 pqrestituant.
472 1781 655 1844 quamquam
682 1763 766 1828 istud
794 1763 873 1846 quod
895 1761 1010 1826 dicitur
1031 1760 1120 1842 quale
1142 1761 1184 1826 sit
1207 1760 1381 1842 explicabili

263 1880 322 1926 non
360 1866 462 1948 potest
499 1866 752 1947 conprehensione
784 1866 931 1949 cognosci.
986 1863 1013 1928 si
1046 1865 1235 1928 Alamannos
1271 1863 1380 1928 Persas

263 1964 391 2048 Scythas
413 1966 525 2032 idcirco
548 1969 713 2035 uoluerunt
736 1969 864 2046 deuinci‚
888 1968 967 2051 quod
989 1957 1165 2032 habitarent
1184 1968 1215 2032 et
1235 1965 1382 2049 degerent

262 2069 294 2133 in
317 2087 421 2134 eorum
443 2073 587 2154 gentibus
603 2071 785 2138 Christiani:
809 2071 1065 2154 quemadmodum
1079 2070 1226 2136 Romanis
1246 2068 1410 2134 tribueres

262 2171 432 2252 uictoriam,
456 2194 525 2240 cum
547 2176 720 2242 habitarent
742 2177 773 2240 et
795 2175 940 2260 degerent
961 2175 1113 2240 incorum
1137 2191 1254 2255 quoque
1276 2173 1381 2256 genti·

196 2275 319 2346 rabbus
340 2275 532 2342 Christiani?
566 2278 646 2343 siin
668 2278 757 2353 Asia,
787 2271 1006 2360 Syria'idcirco
1028 2295 1130 2342 mures
1159 2276 1192 2340 et
1220 2275 1355 2340 locustas
1374 2275 1378 2361 l

262 2378 452 2445 efferuesoere
467 2381 680 2464 prodigialiter
694 2381 866 2458 uoluerunt,
890 2379 966 2461 quod
991 2379 1108 2445 ratione
1123 2377 1275 2443 consimili
1290 2378 1379 2442 habi-

262 2483 417 2548 tarentin
439 2501 544 2548 eorum
566 2483 710 2567 gentibus
732 2481 914 2548 Christiani:
947 2482 980 2545 in
1002 2481 1168 2563 Hispania,
1199 2480 1303 2549 Callia
1326 2500 1380 2546 our

262 2586 367 2650 eodem
388 2587 523 2668 tempere
544 2587 654 2652 horum
677 2572 755 2650 nihil
777 2586 956 2664 detumeat,
979 2603 1049 2649 eum
1068 2584 1222 2649 innumeri
1237 2584 1410 2650 daerente

262 2688 295 2752 in
316 2689 365 2754 his
387 2706 505 2770 quoque
527 2689 692 2770 prouinciis
714 2687 903 2760 Christiani?
940 2688 967 2752 si
996 2689 1075 2769 apud
1098 2688 1255 2765 Gaetulos
1272 2689 1293 2767 †
1308 2705 1380 2752 cum

262 2791 421 2872 aquitanos
453 2792 545 2857 huius
573 2791 619 2856 rei
646 2811 735 2857 causa
763 2791 933 2857 siccitatem
963 2792 1037 2856 satis
1059 2790 1294 2871 ariditatemque
1317 2791 1379 2855 mi·

262 2896 376 2973 serunt,
400 2913 433 2958 eo
456 2914 533 2960 anno
556 2913 609 2960 our
629 2913 742 2960 messes
764 2895 971 2978 amplissimas
993 2894 1111 2960 Mauris
1126 2893 1379 2975 Ncmadibusque

261 2998 452 3077 tribuerunt,
486 3017 556 3062 oum
577 2998 685 3082 religio
707 2998 820 3063 similis
841 2997 890 3062 his
914 3016 1032 3079 queque
1054 2997 1086 3062 in
1108 2996 1283 3079 regionibus
1304 3015 1377 3061 uer-

261 3102 401 3166 teretur?
434 3101 515 3166 siin
536 3101 663 3166 ciuitate
685 3100 886 3182 unaqualibet
907 3100 989 3164 tame
1003 3099 1152 3182 plurimos
1168 3098 1265 3163 emori
1279 3099 1410 3164 nostris

261 3203 393 3268 nominis
416 3205 573 3269 auersione
596 3204 819 3281 feceruntpcur
842 3201 958 3267 ibidem
980 3201 1144 3267 annonaria
1165 3201 1294 3267 caritate
1316 3219 1377 3266 non

260 3308 385 3371 tantum
408 3307 538 3390 corporis
567 3325 626 3372 non
655 3307 752 3371 nostri
780 3324 888 3369 uerum
916 3305 1011 3370 etiam
1034 3302 1221 3369 Christianos
1249 3304 1378 3370 ditiores

262 3413 293 3476 et
314 3410 570 3493 locupletissimos
593 3409 810 3475 reddiderunt?
844 3411 898 3473 aut
920 3408 1017 3493 igitur
1040 3408 1142 3473 cuncti
1157 3407 1236 3473 nihil
1258 3408 1378 3474 laetum

295 3702 310 3754 1
329 3699 430 3769 quisset
446 3699 557 3766 scripsi:
579 3699 638 3768 quis
657 3699 685 3752 P
707 3698 753 3766 qui
771 3697 835 3764 Sub,
852 3715 868 3751 r
890 3697 979 3767 quiret
1000 3698 1052 3752 Urs
1159 3699 1286 3752 iderare
1310 3697 1377 3752 Urs.-

260 3788 366 3840 duraret
383 3786 411 3838 P
519 3785 593 3838 uitae
610 3783 828 3840 Klassmoaeas:
847 3785 878 3836 ut
897 3784 924 3836 P
942 3799 984 3838 ora
1002 3783 1058 3839 Sao
1167 3783 1185 3838 4
1203 3787 1231 3838 at
1255 3784 1307 3838 Urs

260 3871 427 3927 abundantis
440 3871 467 3924 P
534 3870 713 3924 abundantiis.
725 3887 816 3924 rursus
828 3875 891 3924 uate
903 3871 1124 3924 Ktassmcroorrcm
1192 3873 1209 3926 5
1221 3873 1250 3924 at
1266 3870 1317 3924 Urs

259 3959 377 4013 uictoris
394 3959 422 4012 P
522 3957 634 4011 Siamie
652 3957 680 4010 P
696 3972 757 4012 corr
868 3956 901 4010 10
917 3955 1039 4010 ludricris
1052 3958 1079 4010 P
1096 3973 1158 4011 corr
1269 3957 1301 4010 11
1320 3971 1375 4008 sese

259 4061 305 4114 per
330 4044 504 4098 offensionum
530 4043 736 4098 recordationem
761 4042 812 4097 Urs
919 4049 982 4110 poet
1008 4042 1180 4096 offensionum
1205 4041 1375 4096 recedisse

257 4131 390 4185 uidentem
413 4147 483 4184 nunc
500 4134 576 4184 uenia
594 4146 663 4183 nnnc
680 4130 725 4184 ool
736 4129 836 4182 mendic
938 4128 971 4181 13
982 4128 1144 4182 aliamannos
1157 4129 1185 4182 P
1196 4143 1257 4182 corr
1274 4127 1375 4180 Alanos

262 4217 316 4270 Urs
452 4217 485 4271 14
502 4219 589 4286 scytes
607 4217 653 4285 P¹
770 4215 802 4268 17
820 4215 959 4270 christiani
977 4215 1044 4276 Sub,
1062 4230 1091 4266 r:
1115 4213 1306 4269 christianisP

257 4301 291 4357 21
310 4303 414 4371 getulos
432 4305 460 4358 P
544 4308 603 4357 tum
620 4301 767 4369 Aquitanos
786 4299 841 4356 Sub
858 4304 885 4355 et
903 4300 1060 4370 Tingitanos
1083 4299 1135 4353 Ure
1226 4300 1260 4353 25
1278 4301 1376 4354 semori

258 4388 285 4441 P
302 4404 364 4443 corr
467 4389 500 4442 28
517 4388 582 4442 laeti
602 4387 657 4442 Sao
