2888 5008
572 508 670 564 Liber
688 509 735 564 VI.
1141 512 1204 579 237

93 681 126 745 et
147 679 228 746 unde
254 683 302 747 est
322 681 356 745 16
378 681 563 746 contrarium
589 700 636 748 res
664 700 767 762 uersa,
801 682 836 746 ut
863 701 933 748 cum
960 683 1025 746 tam
1052 682 1153 748 multa
1172 683 1206 748 in

93 782 276 849 ciuitatibus
297 784 416 866 templa
438 785 500 850 6161
521 785 612 869 plena
634 783 771 849 omnium
794 785 966 851 simulacris
989 785 1129 865 deorum,
1158 787 1206 850 tot

93 886 216 970 legibus
237 891 269 951 et
299 885 460 972 generibus
488 887 708 971 suppliciorum
734 887 832 953 tantis
857 886 898 953 iri
924 887 1048 952 obuiam
1075 891 1206 972 nequeat

93 989 290 1054 multitudini
317 990 474 1055 noxiorum
503 989 696 1073 6666661116
718 989 859 1054 remediis
881 991 1009 1067 audacia
1029 991 1128 1074 possit
1151 987 1206 1056 ab·

71 1093 189 1174 ascidi,
216 1094 362 1176 16616666
384 1112 416 1159 66
438 1094 537 1178 magis
566 1093 717 1160 maleficia
742 1094 958 1178 congeminata
986 1095 1205 1178 multiplicent,

94 1197 209 1280 666616
230 1196 351 1282 legibus
372 1196 553 1280 iudiciisque
568 1197 762 1262 contenditur
775 1197 956 1263 imminuere
972 1197 1055 1263 facta
1069 1197 1207 1263 crudelia

95 1301 130 1364 et
143 1317 308 1383 poenarum
323 1299 503 1364 coercitione
518 1301 646 1365 sedare?
661 1300 769 1383 quodsi
782 1303 883 1376 metus
898 1301 1016 1384 aliquos
1030 1301 1206 1386 infligerent

95 1403 260 1468 simulacra
287 1393 483 1482 mortalibus,
511 1403 616 1488 legum
638 1402 714 1470 latio
744 1406 876 1470 cessaret
902 1423 958 1470 neo
979 1405 1045 1469 tam
1068 1404 1207 1470 diuersae

96 1524 202 1572 cruces
223 1507 461 1571 facinerosorum
483 1507 741 1572 constituerentur
762 1508 915 1572 audaciae.
946 1527 1027 1572 6666
1047 1526 1119 1573 6666
1135 1505 1207 1590 6616

59 1634 86 1672 ιο
97 1609 237 1674 constitit
262 1609 538 1694 comprobatumque
560 1612 620 1689 est,
647 1610 768 1693 reipsa
794 1612 917 1676 inanem
947 1630 1012 1676 osse
1034 1610 1209 1694 opinionem

95 1710 218 1776 timoris
240 1712 293 1794 661
315 1711 353 1776 ab
376 1712 474 1798 signis
496 1713 616 1778 dicatur
637 1713 769 1794 effluere,
792 1713 830 1778 ad
851 1715 957 1799 legum
978 1715 1140 1778 decursum
1162 1713 1209 1784 est

96 1815 277 1894 sanctiones,
301 1833 319 1880 6
340 1816 451 1898 quibus
473 1817 553 1881 esset
574 1815 704 1882 formido
727 1816 907 1907 certissima·
921 1817 951 1881 et
972 1817 1037 1882 iam
1057 1816 1118 1882 fixa
1136 1833 1208 1882 oon-

96 1917 269 2002 stitutaque
297 1919 469 1997 damnatio,
498 1919 608 2002 quibus
636 1919 746 1984 debent
774 1920 805 1984 et
831 1919 901 2003 ipsa
921 1920 1100 1998 simulacra,
1128 1919 1209 2002 quod

95 2021 262 2090 incolumia
294 2019 299 2108 Ι
333 2021 432 2087 adhuc
464 2021 604 2105 perstant
636 2024 669 2088 et
699 2021 822 2088 honoris
855 2023 985 2088 alicuius
1019 2021 1209 2089 concessione
1217 2034 1235 2086 f.
1247 2034 1308 2086 sasb

61 2123 322 2189 1566661166661.
356 2124 500 2207 quoniam
522 2124 609 2208 satis,
633 2125 668 2189 61
690 2143 738 2190 666
760 2124 845 2203 tulit,
867 2143 959 2208 quam
981 2125 1114 2192 inaniter
1128 2121 1255 2190 1166111

96 2226 264 2292 simulacra
285 2227 488 2292 monstratum
511 2228 567 2306 est,
590 2227 626 2292 de
648 2225 804 2292 sacrificiis
827 2227 977 2309 deinceps,
1006 2228 1044 2293 (16
1065 2227 1209 2293 66611166

97 2330 191 2412 61666
211 2329 474 2394 immolationibus
494 2329 674 2412 hostiarum,
698 2330 735 2395 de
756 2348 849 2408 mero,
873 2330 911 2394 (16
933 2330 1000 2394 1666
1021 2330 1117 2413 16666
1139 2329 1209 2394 aliis

97 2432 241 2497 omnibus
262 2451 339 2516 6666
360 2433 393 2497 16
414 2432 500 2515 parte
522 2432 584 2497 1616
606 2431 739 2497 confiunt
759 2432 857 2514 poscit
887 2431 958 2498 ordo
988 2451 1080 2514 quam
1104 2432 1209 2515 paucis

96 2535 130 2600 et
152 2535 219 2600 sine
239 2534 313 2600 ullis
335 2533 657 2600 circumlocutionibus
680 2534 788 2599 dicere.
818 2534 852 2599 in
871 2535 929 2600 hac
944 2535 1027 2599 enim
1042 2534 1208 2600 consuestis

62 2637 186 2722 reperte
207 2637 340 2704 incidias
362 2637 448 2702 uobis
470 2637 766 2702 tumultuosissimas
789 2637 957 2715 concitare,
980 2638 1132 2721 appellare
1155 2655 1209 2702 666

96 2743 214 2819 atheos,
238 2742 369 2824 616661
391 2741 520 2806 minimo
541 2740 747 2806 sacrificamus
769 2741 837 2820 diis,
860 2757 974 2824 poenas
990 2741 1084 2805 etiam
1099 2739 1209 2822 capitis

96 2845 262 2910 beluarum
290 2842 528 2908 crudelitatibus
555 2844 702 2928 inrogare.
737 2841 817 2926 quod
845 2843 968 2927 quidem
995 2863 1049 2909 nos
1077 2843 1211 2910 fatemur

96 2967 161 3012 666
194 2948 370 3030 contemptu
402 2946 500 3011 166666
533 2947 624 3028 61666
657 2947 866 3030 aspernatione
896 2947 1014 3026 diuina,
1049 2947 1103 3014 sed
1130 2945 1210 3030 quod

97 3049 309 3116 existimemus
331 3049 422 3116 huius
443 3049 597 3134 potentias
618 3050 749 3115 nominis
770 3049 847 3115 nibil
862 3049 926 3115 tale
941 3050 1098 3131 deposcere
1113 3067 1209 3133 neque

63 3172 202 3221 errorum
223 3151 399 3218 huiusmodi
422 3151 642 3236 cupiditatibus
664 3153 800 3248 attineri.

135 3440 434 3509 2planaPoorrmol
523 3439 776 3510 duoqueachorr
865 3439 1040 3494 dabscindir
1132 3440 1212 3493 lece·

99 3527 157 3580 lora
183 3523 272 3581 sedare
294 3527 309 3582 1
443 3527 459 3580 9
476 3543 564 3582 orncos
583 3527 650 3582 Sob:
675 3525 788 3581 ceruices
807 3525 833 3580 P
968 3525 1001 3578 12
1026 3525 1108 3579 etiam
1132 3525 1212 3579 affixa

100 3613 159 3667 Sub
289 3613 321 3668 15
338 3612 448 3666 monita.
467 3612 511 3666 sed
529 3612 653 3682 quoniam
671 3611 727 3665 Sob
857 3611 889 3665 11
911 3610 989 3676 thure
1008 3611 1035 3664 P
1051 3626 1145 3664 corrr

98 3699 134 3752 21
153 3699 292 3752 minimum
315 3698 366 3754 ces
500 3698 675 3752 sacrificems
692 3697 803 3767 scripsi.-
824 3697 1002 3752 attribuamus
1021 3699 1048 3752 P
1063 3697 1213 3752 tribuamus

104 3785 157 3841 Get
284 3801 365 3852 ponas
383 3785 517 3856 Pp‘onas
535 3785 613 3839 6166Ι
744 3784 777 3838 25
794 3799 911 3838 6666666
927 3785 1060 3854 assuatur.
1079 3799 1212 3839 nxrurcrr.

100 3885 210 3925 rucrrrr
230 3885 321 3924 urana.
340 3886 391 3926 urs.
410 3885 563 3941 6166166666.Ι
656 3945 657 3952 ¹
