2916 5010
577 472 676 526 neser
697 473 747 526 111,
1158 477 1218 542 137

103 660 295 721 consecrare,
322 660 358 706 ac
384 661 423 707 ne
451 643 548 725 aliqui
578 642 703 708 deorum
733 643 934 710 multitudine
963 646 1018 710 ant
1044 646 1218 730 ignorantia

104 744 331 829 praeteriretui,
355 744 517 811 breuitatis
540 747 571 810 et
593 747 764 828 compendii
787 765 878 812 causa
892 767 952 814 uno
967 748 1082 831 pariter
1096 750 1218 817 nomine

103 849 230 914 cunctos
252 847 434 914 Nouensiles
463 848 609 913 inuocarl.
643 850 715 914 sunt
741 851 895 928 praeterea
922 852 1076 930 nonnulli,
1107 851 1161 933 qui
1182 853 1269 918 enit

101 951 277 1016 hominibus
293 950 385 1016 ,diuos
407 950 503 1016 factos
525 951 783 1033 hac‘praedicant
806 953 1011 1035 appellatione
1033 955 1217 1040 signarint

73 1057 150 1122 sest
176 1056 324 1121 Hercules
352 1055 502 1121 Romulus
529 1055 731 1138 Aesculapius
760 1055 853 1121 Liber
878 1058 1006 1123 Aeneas.
1027 1059 1215 1134 sententiae,

101 1161 137 1225 ut
158 1159 298 1242 apparet,
327 1159 464 1224 diuersae
493 1159 564 1224 sunt
585 1159 659 1224 haec
681 1177 799 1238 omnes,
828 1179 924 1242 neque
952 1160 1017 1225 fieri
1038 1181 1093 1244 per
1115 1179 1217 1226 rerum

100 1265 245 1328 naturam
274 1261 388 1344 potest,
423 1262 459 1326 ut
485 1263 539 1345 qui
568 1263 762 1344 opinionibus
795 1263 939 1329 differunt
961 1264 1102 1329 ueritatis
1125 1263 1215 1328 unius

98 1366 272 1431 habeantur
293 1367 439 1430 auctores.
475 1366 502 1430 si
518 1366 735 1447 enimoPisonis
759 1369 913 1433 sententia
935 1357 1007 1432 uera
1029 1368 1084 1445 est,
1107 1367 1215 1433 Aelius

99 1470 133 1533 et
161 1465 289 1533 Granius
317 1468 526 1546 mentiuntur,
561 1469 588 1532 si
617 1470 697 1550 quod
725 1469 838 1534 dicitur
868 1471 906 1535 ab
934 1471 982 1535 bis
1010 1472 1128 1536 certum
1159 1471 1214 1546 est,

57 1570 305 1653 reperitissimns
333 1572 416 1636 errat
438 1570 550 1649 Varro,
586 1573 639 1654 qui
669 1572 759 1637 rebns
782 1574 813 1637 in
837 1572 1011 1639 substantia
1039 1575 1214 1639 oonst'tutis

98 1673 293 1740 inanissimas
321 1674 428 1739 subdit
450 1675 480 1739 et
502 1693 550 1740 res
578 1693 687 1740 cassas.
721 1676 749 1740 si
771 1677 954 1741 nouenarius
977 1696 1121 1742 numerus
1143 1695 1213 1761 cog-

56 1768 58 1772 ’
96 1795 209 1843 nomen
232 1775 448 1841 Nouensilium
471 1777 571 1855 duait,
602 1775 779 1842 Cornificius
802 1779 904 1844 balare
927 1780 1132 1859 conuincitur,
1161 1779 1214 1861 qui

95 1881 229 1945 nouitati
243 1878 490 1961 praesidentibus
507 1879 588 1944 diuis
603 1880 719 1945 alienae
734 1882 889 1962 potentiae
905 1884 970 1947 uim
987 1883 1087 1948 donat.
1105 1883 1214 1968 quodsi

95 1983 198 2065 opinio
220 1979 371 2050 Cornificii
393 2002 466 2048 uera
483 1988 545 2060 est,
568 1983 733 2064 inprudens
750 1983 873 2050 Cincius
895 1985 1062 2065 inuenitur,
1086 1987 1138 2068 qui
1161 2005 1213 2050 ur·

55 2087 184 2151 rebium
210 2087 363 2151 uictarum
391 2087 462 2152 deos
490 2089 643 2170 potestate
672 2088 776 2153 adficit
797 2088 1014 2154 Nouensilium
1038 2091 1211 2174 numinum.

95 2186 205 2272 quodsi
226 2190 356 2254 hi‘sunt
378 2209 451 2272 quos
481 2189 603 2256 Cincius
631 2190 802 2274 praedicat,
825 2192 972 2256 Manilius
1000 2193 1100 2257 dicere
1128 2211 1211 2276 repe·

95 2293 194 2358 rietur
215 2292 343 2372 falsum,
368 2293 421 2375 qui
443 2292 534 2386 alieni
557 2293 696 2359 fulminis
722 2295 904 2360 iaculatores
927 2295 984 2360 sub
1007 2295 1098 2360 istius
1121 2311 1211 2360 uoca-

95 2395 190 2460 minis
212 2395 417 2478 appellatione
440 2397 604 2461 concludit.
638 2398 746 2479 quodsi
769 2399 959 2480 exploratum
982 2399 1013 2462 et
1034 2417 1143 2464 uerum
1165 2399 1212 2464 est

95 2499 129 2564 id
152 2499 232 2580 quod
253 2497 401 2563 Manilius
424 2500 575 2578 autumat,
599 2500 631 2564 in
654 2517 752 2566 errore
775 2503 848 2566 sunt
870 2502 904 2565 bi
919 2502 1053 2566 marimo
1076 2501 1129 2582 qni
1155 2500 1211 2564 ho-

52 2600 219 2667 anoribus
247 2600 361 2666 diuinis
389 2602 495 2666 auctos
524 2605 773 2686 consecratosque
802 2605 945 2669 mortales
968 2604 1150 2670 Nouensiles
1173 2604 1210 2669 ab

93 2704 233 2770 nouitate
261 2704 384 2770 honoris
416 2705 595 2770 existimant
623 2707 803 2788 nuncupari.
839 2708 948 2789 quodsi
969 2707 1150 2772 Nouensiles
1177 2707 1210 2771 hi

92 2808 166 2872 sunt
187 2807 239 2889 qui
261 2809 440 2873 meruerunt
460 2808 498 2873 ad
522 2809 623 2874 sidera
646 2808 815 2889 subleuari,
846 2812 1009 2892 postquam
1032 2810 1105 2873 sunt
1125 2810 1210 2875 uitae

91 2910 282 2976 mortalitate
305 2910 451 2990 defundi,
475 2911 555 2976 nulli
570 2929 693 2995 prorsus
708 2911 891 2978 Nouensiles
906 2913 939 2978 di
955 2913 1035 2977 eunt.
1069 2913 1106 2976 ut
1126 2913 1210 2977 enim

93 3015 176 3079 serui
208 3015 325 3079 milites
359 3015 503 3098 magistri
530 3032 592 3079 non
626 3018 698 3080 sunt
730 3034 928 3099 personarum
954 3014 959 3102 Ι
985 3016 1209 3082 subiacentium
1219 3033 1237 3087 1.
1249 3031 1295 3084 tab

51 3117 216 3182 arsemina
238 3119 291 3183 sed
313 3110 494 3198 officibrum,
519 3119 731 3184 condicionum
754 3121 785 3184 et
805 3139 977 3198 munerum,
998 3121 1044 3184 ita
1058 3139 1130 3186 cnm
1142 3120 1207 3184 No·

91 3220 225 3285 uensiles
247 3219 389 3300 dicimus,
413 3222 440 3285 si
461 3241 571 3287 nomen
594 3224 641 3288 est
662 3223 747 3288 istud
769 3241 874 3289 eorum
897 3224 950 3306 qui
973 3243 1009 3288 er
1031 3224 1208 3290 hominibus

126 3545 141 3597 1
160 3543 243 3612 aliqui
254 3545 491 3600 Hildebraode'ae:
510 3545 612 3613 aliquid
625 3544 652 3599 P
668 3545 764 3614 aliquis
777 3545 920 3600 Hercldoas
1021 3548 1038 3600 2
1050 3545 1207 3600 braebitatis

90 3630 276 3700 (blancana)
289 3631 316 3684 P
385 3631 465 3684 4hac
478 3630 547 3685 Sob:
566 3630 671 3685 haecP
737 3631 957 3700 bopparetSab:
975 3633 1141 3701 apparentP

88 3716 140 3769 hae
158 3714 213 3770 Sub
298 3718 331 3771 10
347 3732 408 3771 arro
427 3717 455 3770 P
470 3731 530 3771 corr
608 3715 759 3771 substantia
778 3717 848 3771 Sob:
866 3717 969 3771 stantia
986 3719 1013 3772 P
1098 3719 1128 3770 11
1147 3717 1205 3770 ina·

88 3802 199 3856 nissima
215 3804 354 3858 Mercurios
455 3803 570 3856 rationes
588 3806 615 3857 et
633 3819 718 3857 cassas
736 3803 788 3858 Urs
805 3819 847 3857 res
865 3806 892 3856 et
910 3819 996 3857 cessas
1020 3803 1091 3856 idem
1108 3804 1205 3856 Mear-

88 3889 147 3943 ss'oce
249 3889 290 3943 12.
305 3889 339 3943 15
349 3887 535 3942 Nouensilium
548 3887 617 3942 aab:
635 3890 790 3942 nonensium
805 3888 832 3943 P
933 3890 965 3943 17
977 3888 1098 3942 fulminis
1111 3889 1138 3942 P

88 3974 236 4029 boeaminc's
249 3975 347 4029 Pcorr
448 3973 483 4026 20
499 3973 656 4028 Nouensiles
668 3974 766 4029 addidi
868 3974 901 4028 ob
916 3975 970 4030 Sub
1079 3975 1205 4028 2111111-

87 4062 145 4113 tate
163 4059 252 4115 Saba:
275 4061 423 4114 nouitatem
441 4060 468 4113 P
596 4060 780 4114 221111111111
798 4061 826 4114 P
943 4067 1094 4130 postquam
1111 4061 1138 4114 P

88 4147 123 4201 23
139 4145 210 4201 dile
312 4146 345 4200 26
363 4146 389 4200 si
404 4161 498 4200 nomen
516 4149 556 4200 est
573 4145 647 4200 istud
664 4163 751 4201 eorum
769 4148 882 4215 scripsi:
906 4149 929 4200 si
947 4163 1037 4200 omnes
1055 4144 1129 4200 istud
1146 4144 1205 4200 deo·

87 4248 147 4287 ram
160 4234 188 4288 P
205 4234 228 4287 ei
246 4247 334 4287 omnes
351 4247 447 4286 nomen
464 4248 553 4294 eorum
566 4231 621 4287 Scb
640 4249 694 4286 esso
712 4249 810 4287 nomen
827 4249 916 4287 eorum
938 4232 987 4287 eet
1004 4247 1094 4286 omnes
1112 4247 1206 4286 nouem

86 4335 179 4375 eornm
201 4319 255 4375 Urs
280 4318 303 4372 si
320 4334 415 4373 nomen
433 4320 474 4373 est
491 4318 565 4373 istud
582 4318 689 4374 deornm
709 4321 785 4374 Soloe
951 4317 952 4321 ’
