2916 5010
240 477 302 543 124
539 470 681 526 Arnobii
706 469 865 526 aduersus
888 469 1046 525 ustiones

190 648 315 732 liquae
336 645 378 711 sit
399 641 501 706 minus
517 658 678 724 possumus
704 640 864 724 explicare.
897 639 971 723 quid
985 656 1064 724 ergo,
1087 639 1205 722 inquiet
1226 639 1352 722 aliquis,
1447 635 1448 642 ’

238 769 298 817 111
319 749 405 814 audit
426 747 515 824 deus,
545 761 606 810 non
634 744 786 826 loquitur,
817 762 878 809 nou
900 743 970 808 ante
991 761 1023 808 se
1044 743 1161 825 positas
1183 761 1230 808 res
1252 743 1352 821 uidet

239 871 299 919 non
327 852 491 917 intuetur?
523 864 578 912 suo
607 846 736 912 forsitan
765 863 888 932 genere,
918 863 977 911 nou
998 846 1112 911 nostro.
1145 845 1352 926 nequeenim

239 957 304 1022 ueri
326 952 444 1035 aliquid
467 951 544 1017 sciro
565 951 653 1015 tanta
674 950 708 1013 in
729 967 762 1014 re
784 967 946 1030 possumus
975 949 1029 1013 aut
1054 946 1277 1030 suspicionibus
1299 949 1351 1013 in-

239 1062 365 1144 dagare,
396 1075 472 1139 quas
494 1073 558 1120 esse
580 1054 660 1136 apud
682 1070 737 1117 nos
758 1052 856 1134 liquet
877 1051 1052 1131 instabiles,
1083 1052 1217 1119 lubricas
1239 1053 1272 1117 et
1293 1071 1352 1116 ua-
1375 1078 1387 1115 ⁵

239 1181 347 1227 norum
363 1157 583 1224 similitudines
598 1155 796 1222 somniorum.
826 1155 853 1220 si
869 1155 950 1220 enim
965 1155 1130 1219 dixerimus
1144 1155 1243 1220 isdem
1257 1157 1353 1220 illum

238 1263 409 1330 rationibus
431 1261 535 1326 uidere
557 1259 667 1343 quibus
690 1259 722 1323 ot
743 1276 797 1324 uos
819 1257 970 1336 uidemus,
993 1258 1130 1340 sequitur
1152 1261 1188 1324 ut
1209 1258 1354 1342 intellegi

240 1367 360 1444 debent,
384 1365 570 1446 superiectas
591 1361 714 1444 pupulis
730 1379 800 1426 eum
814 1361 925 1427 bebere
941 1361 1178 1442 membranulas,
1201 1365 1354 1442 contuere,

240 1469 370 1546 nictare,
401 1466 495 1532 radiis
517 1465 572 1530 aut
592 1463 781 1549 imaginibus
803 1482 940 1542 cernere,
971 1465 1025 1529 aut
1047 1465 1128 1546 quod
1149 1466 1244 1531 oculis
1267 1485 1354 1530 oom-

240 1590 331 1635 muue
360 1571 407 1634 est
435 1569 592 1645 omnibus,
622 1567 689 1631 siue
718 1567 845 1631 alterius
877 1565 1004 1632 luminis
1032 1568 1249 1632 commixtione
1270 1567 1390 1632 nihilo

240 1656 364 1739 omuino
386 1671 566 1753 conspicere.
600 1670 681 1751 quod
702 1669 805 1750 ipsum
826 1668 972 1734 similiter
994 1668 1030 1734 do
1045 1669 1154 1735 auditu
1175 1688 1210 1734 ac
1231 1670 1270 1734 de
1292 1672 1355 1734 clo·
1447 1667 1448 1698 1

171 1775 308 1860 tarquii
328 1775 428 1838 forma
450 1775 481 1838 et
496 1772 658 1838 uerborum
672 1772 843 1854 prolatione
858 1771 1020 1836 dicendum
1035 1773 1098 1858 est:¹
1123 1775 1127 1856 Ι
1154 1773 1248 1854 siper
1264 1792 1356 1839 aures

242 1878 356 1960 audiat,
385 1896 435 1942 eas
457 1893 575 1959 quoquo
597 1876 707 1941 habere
727 1867 868 1940 flexuosis
891 1875 1068 1940 tramitibus
1090 1875 1270 1958 perforatas,
1293 1895 1357 1958 qua

241 1986 377 2063 inrepere
399 1997 456 2045 uox
478 1979 576 2062 possit
597 1997 722 2043 sensum
743 1977 923 2042 nuntiatura
944 1977 1105 2056 sermonis,
1135 1981 1189 2043 aut
1210 1979 1237 2042 si
1259 1979 1357 2043 uerba

241 2102 292 2149 ore
313 2082 497 2160 funduntur,
520 2081 603 2147 labia
624 2081 733 2146 babere
756 2098 826 2144 cum
848 2079 1004 2158 dentibus,
1027 2099 1158 2163 quorum
1178 2080 1303 2146 inflictu
1325 2083 1357 2146 et
1367 2103 1390 2142 1⁵

243 2186 416 2251 mobilitate
438 2185 606 2269 multiiuga
627 2185 735 2266 lingua
757 2200 844 2248 sonos
866 2182 1010 2248 articulet
1031 2185 1062 2248 et
1083 2201 1190 2248 uocem
1211 2183 1244 2248 in
1260 2185 1357 2250 uerba

195 2290 421 2358 lbconformet.
455 2289 488 2353 at
513 2288 540 2352 si
569 2288 666 2352 nostri
695 2285 791 2351 animi
820 2288 954 2350 mentem
983 2304 1043 2350 non
1068 2287 1216 2352 recusatis
1238 2287 1356 2368 audire,

242 2394 364 2457 tantum
387 2392 483 2469 abest,
508 2392 543 2454 ut
566 2407 620 2453 nos
642 2390 697 2454 deo
720 2389 888 2470 corporalia
910 2388 1091 2454 liniamenta
1112 2388 1298 2468 tribuamus,
1321 2392 1359 2454 ut

242 2497 412 2562 animorum
435 2494 528 2558 etiam
551 2491 658 2557 decora
679 2492 819 2573 ipsasque
842 2492 989 2569 uirtutes,
1013 2493 1124 2575 quibus
1147 2494 1280 2559 eminere
1303 2494 1358 2557 uix

242 2616 416 2663 concessum
445 2597 492 2661 est
520 2595 641 2678 paucis,
677 2593 781 2658 tantae
810 2595 854 2658 rei
883 2611 1042 2701 uepoamur
1071 2595 1250 2661 adscribere.
1285 2599 1392 2679 quisae

241 2703 325 2766 euim
347 2700 437 2764 deum
460 2698 571 2762 dixerit
599 2696 708 2761 fortem
737 2697 927 2764 constantem
953 2696 1036 2782 frugi
1065 2699 1253 2780 sapientem?
1286 2702 1359 2783 quis

243 2803 384 2887 probum,
407 2802 475 2884 quis
498 2801 645 2877 sobrium,
667 2799 735 2881 quis
757 2801 852 2864 immo
876 2801 993 2882 aliquid
1015 2819 1112 2881 nosse,
1141 2801 1211 2884 quis
1231 2803 1358 2868 intelle·

244 2927 324 2994 gere,
348 2906 415 2987 quis
437 2904 605 2987 procudere,
635 2903 703 2984 quis
726 2903 766 2968 ad
786 2902 860 2968 fines
883 2903 1052 2969 officiorum
1079 2909 1176 2970 certos
1199 2907 1359 2970 actionum

243 3027 368 3074 suarum
395 3007 515 3074 decreta
544 3006 749 3090 dirigentem?
782 3006 914 3070 bumana
943 3007 1015 3071 sunt
1043 3008 1118 3071 baec
1147 3009 1226 3072 bona
1260 3011 1292 3073 et
1323 3027 1360 3073 ex

244 3112 433 3196 oppositione
461 3111 609 3174 uitiorum
636 3109 896 3174 existimationem
917 3111 1094 3174 meruerunt
1114 3109 1227 3174 habere
1247 3110 1392 3178 lauda-ss

245 3217 348 3282 bilem.
382 3214 450 3296 quis
472 3215 520 3279 est
541 3215 645 3279 autem
674 3214 741 3278 tam
769 3213 871 3294 optusi
899 3213 1046 3294 pectoris,
1076 3214 1143 3278 tam
1171 3213 1273 3298 bruti,
1305 3216 1360 3297 qui

244 3318 387 3383 humanis
417 3317 504 3381 bonis
534 3315 626 3380 deum
655 3333 720 3380 esse
751 3313 835 3378 dicat
867 3333 1014 3398 maguum
1042 3317 1097 3380 aut
1126 3315 1194 3380 ideo
1224 3317 1361 3382 nominis

246 3421 409 3488 maiestate
421 3420 610 3501 ‚praecellere
632 3419 712 3500 quod
733 3417 881 3481 uitiorum
897 3419 997 3483 careat
1011 3417 1183 3484 foeditate?
1211 3420 1361 3502 quicquid

246 3522 361 3596 dedeo
384 3523 511 3600 dixeris,
536 3520 680 3604 quiequid
700 3519 813 3585 tacitae
835 3520 947 3585 montis
970 3521 1152 3604 cogitatione
1173 3525 1359 3607 conceperis,

280 3797 298 3851 3
320 3812 372 3850 non
395 3794 451 3849 odd
474 3799 496 3847 c‘
630 3792 771 3862 8pupulis
788 3793 929 3847 Meorcias
945 3799 1079 3862 tumwm
1096 3811 1110 3847 c
1127 3795 1230 3850 codice.-
1252 3796 1362 3865 populis

248 3883 275 3936 P
300 3881 410 3951 pupillis
434 3880 489 3935 Sob
612 3880 735 3934 coniberc
751 3883 775 3934 c⁴
898 3879 1033 3934 9uictare
1051 3881 1120 3935 Scb:
1143 3885 1247 3936 nectam
1264 3882 1293 3936 P

249 3968 282 4021 10
298 3969 353 4020 sest
369 3967 397 4020 P
510 3967 542 4022 14
559 3981 606 4020 uos
624 3967 651 4019 P
667 3971 767 4020 coro-c‘
880 3964 1003 4019 1511111
1019 3966 1048 4020 P
1159 3967 1191 4022 16
1208 3969 1363 4024 mouilitate

248 4051 349 4106 Pcorr
448 4052 608 4121 multiiugos
619 4051 781 4106 81111111ιί11
881 4051 913 4104 1‘1
932 4055 961 4105 at
971 4053 1085 4121 scripsi:
1102 4053 1291 4109 acPomScb

249 4141 362 4192 mentem
379 4137 533 4208 Ripaitc'oe:
549 4141 653 4192 motum
669 4137 697 4189 P
795 4137 828 4190 19
845 4136 936 4192 decora
954 4138 1015 4204 Sob,
1033 4156 1064 4193 r:
1081 4139 1223 4209 decerpora
1239 4140 1267 4193 P
1283 4141 1362 4195 deco-

247 4239 307 4277 rora
323 4228 346 4278 c‘
458 4224 493 4278 20
509 4239 645 4278 ucreamur
663 4221 732 4276 Sat:
759 4237 881 4278 ueremur
898 4225 925 4276 P
1041 4225 1075 4279 22
1092 4225 1196 4295 aliquid
1214 4226 1283 4282 cco.-
1311 4227 1363 4282 ali-

248 4311 308 4381 quis
330 4312 358 4367 P
471 4311 675 4366 maneriolum
692 4311 720 4364 P
737 4325 799 4365 corr
921 4312 956 4368 25
978 4312 1169 4382 oppositionem
1187 4315 1214 4368 P
1230 4329 1293 4370 corr

249 4399 281 4452 27
299 4398 414 4453 numinis
437 4397 489 4451 Urs
