2888 5008
281 463 343 530 278
583 457 723 514 Arnobii
746 459 911 513 aduersus
935 459 1091 512 nationes

279 634 395 700 lmstra
416 634 448 698 et
469 631 535 698 sine
557 631 623 699 ulla
644 631 763 698 ratione
786 634 939 697 currentes
967 633 1141 714 spectatum
1163 629 1406 714 proficiscantur

279 754 295 802 e
318 736 399 802 eaelo
428 734 640 820 gaudeantque
662 751 698 799 er
718 733 769 798 bis
791 733 868 800 alios
889 735 1036 814 transire,
1068 733 1208 812 bansiri,
1231 749 1355 815 pronos
1379 735 1406 798 et

279 854 403 906 cernuos
425 856 522 921 ruere,
545 855 615 904 eum
637 836 777 903 curribus
800 835 960 920 resupinos
975 836 1067 915 narb,
1088 835 1172 903 trabi
1187 835 1270 900 alios
1287 834 1405 900 debiles

190 941 287 1029 srael
313 943 345 1008 et
366 941 505 1007 cruribus
528 938 699 1006 claudicare
720 939 908 1022 praefractis,
932 939 985 1022 qui
1007 937 1179 1023 praesulem
1202 937 1269 1004 sibi
1293 938 1405 1020 displi-

278 1046 376 1112 cuisse
397 1043 611 1127 pronuntient,
639 1044 668 1108 si
689 1061 743 1126 per
764 1043 837 1108 circi
858 1041 996 1108 medinm
1017 1043 1126 1126 pergat
1147 1057 1264 1106 nocens
1288 1041 1427 1125 aliquiss

277 1149 458 1216 meritorum
479 1164 590 1230 poenas
606 1147 637 1210 et
651 1145 803 1230 supplicia
816 1143 1002 1223 redditurus,
1025 1145 1080 1227 qui
1097 1143 1209 1210 offendi
1224 1161 1261 1209 se
1279 1143 1405 1210 doleant

277 1256 308 1318 et
337 1251 401 1318 suis
429 1248 595 1315 honoribus
625 1248 819 1333 derogatum,
849 1247 876 1313 si
897 1247 1055 1330 paulisper
1083 1247 1264 1313 eonstiterit
1286 1247 1403 1326 ludius

212 1363 215 1372 ¹
268 1355 509 1439 ,interquieuerit
548 1352 662 1418 tibicen
702 1351 815 1435 lessus,
860 1369 934 1436 puer
973 1350 1029 1416 ille
1068 1350 1236 1416 matrimus
1283 1350 1403 1416 decidat

278 1457 404 1524 fortuito
441 1455 572 1522 abanim
608 1454 813 1520 instabilitate
835 1490 849 1521 a
869 1454 1052 1537 prolapsus?
1095 1471 1172 1537 quae
1210 1453 1238 1517 si
1278 1454 1403 1536 penitus

278 1560 387 1626 cuneta
409 1561 441 1624 at
462 1560 527 1624 sine
548 1557 613 1623 ulla
634 1557 771 1642 partium
793 1555 1018 1642 gratificatione
1038 1557 1225 1639 pendantur,
1252 1575 1320 1622 non
1337 1559 1424 1623 tan-o

151 1671 156 1682 ’
277 1665 346 1728 tum
369 1662 459 1748 longe
481 1661 630 1745 longeque
652 1660 690 1727 ab
713 1659 774 1726 diis
796 1677 860 1726 esse
882 1661 1079 1744 reperiuntur
1099 1660 1217 1744 aliena,
1248 1678 1403 1726 ueruma

278 1765 387 1848 quouis
401 1764 526 1830 homine
540 1764 691 1830 sentiente
706 1763 882 1829 communia
893 1781 950 1831 nec
961 1764 1000 1829 ad
1012 1764 1152 1829 studium
1162 1764 1230 1828 neri
1243 1767 1402 1831 rationum

278 1868 506 1953 cognitionibus
530 1868 658 1934 erudito.

319 1971 394 2036 Post
417 1971 571 2048 aduectos,
594 1969 734 2056 inquitis,
757 1970 973 2036 transmarinis
995 1990 1031 2036 ex
1053 1970 1200 2054 gentibus
1218 1970 1299 2037 deos
1315 1991 1401 2054 quos·

277 2075 349 2140 dam
370 2077 498 2158 postque
520 2073 644 2140 condita
664 2072 714 2138 his
729 2073 857 2155 templa,
879 2077 949 2156 post
964 2073 1138 2140 cumulatas
1154 2073 1323 2140 sacrificiis
1340 2093 1422 2140 arasa

276 2177 357 2242 male
386 2176 502 2242 habens
531 2193 597 2242 sese
624 2176 778 2241 recreatus
807 2175 966 2242 conualuit
994 2177 1125 2260 populus
1154 2177 1186 2242 et
1215 2178 1399 2260 pestilentes
1435 2223 1436 2240 ,

277 2280 375 2347 morbi
396 2279 523 2346 inducta
545 2279 721 2345 sinceritate
743 2279 897 2364 ingerunt.
933 2280 996 2362 qui,
1016 2279 1166 2359 reddamini,
1194 2280 1242 2345 dii
1269 2286 1399 2364 quaeso?

276 2382 490 2466 Aesculapius,
535 2381 677 2467 inquitis,
718 2382 886 2468 Epidauro,
929 2384 1016 2450 bonis
1055 2384 1128 2449 deus
1164 2384 1398 2452 ualetudinibns

276 2485 451 2570 praesidens
480 2487 513 2552 et
541 2485 685 2552 Tiberina
714 2486 746 2551 in
776 2485 880 2551 insula
907 2486 1103 2552 constitutus.
1139 2486 1168 2551 si
1197 2490 1287 2554 esset
1318 2489 1397 2555 nobis

275 2588 397 2655 animus
419 2588 628 2671 scrupulosius
649 2588 711 2654 ista
732 2588 877 2667 tractare,
899 2588 987 2654 uobis
1008 2588 1086 2674 ipsis
1093 2589 1320 2658 obtirieremus
1335 2611 1417 2658 anas

276 2685 410 2771 toribus,
441 2691 570 2757 minime
599 2690 690 2756 illum
713 2689 808 2755 luisse
830 2689 953 2771 diuum,
988 2691 1041 2774 qni
1063 2693 1229 2775 conceptus
1255 2695 1290 2759 et
1313 2697 1396 2760 natus

276 2793 421 2859 muliebri
443 2793 512 2859 aluo
535 2794 629 2872 esset,
661 2792 714 2876 qui
736 2809 885 2858 annorum
907 2793 1054 2878 gradibus
1076 2794 1115 2859 ad
1137 2812 1210 2859 eum
1232 2795 1335 2862 finem
1356 2815 1395 2862 as-
1431 2833 1432 2836 =

279 2898 430 2963 pandisset
457 2897 568 2964 aetatis
602 2897 635 2960 in
662 2913 721 2978 quo
743 2896 835 2963 illum
857 2895 905 2962 uis
927 2897 1084 2976 fulminis,
1113 2898 1228 2964 uestris
1253 2900 1395 2981 quemad·

278 3002 405 3066 medum
430 2999 545 3065 litteris
572 2997 760 3078 continetur,
791 2993 822 3064 et
844 2998 911 3064 uita
940 3000 1107 3082 expulisset
1128 3003 1160 3066 et
1181 3001 1317 3069 lumine.
1352 3004 1394 3069 sed
1430 2987 1431 3051 l

278 3103 456 3184 quaestione
483 3102 521 3168 ab
550 3101 612 3166 ista
634 3099 836 3183 discedimus,
859 3100 1020 3168 Coronidis
1042 3103 1125 3169 filius
1149 3105 1205 3190 sit,
1230 3108 1270 3171 ut
1293 3109 1430 3184 cultiqsr

278 3223 313 3268 ex
345 3204 568 3269 immortalium
606 3221 731 3269 numero
762 3205 794 3269 et
829 3206 977 3288 perpetua
1012 3208 1170 3289 praeditus
1203 3209 1394 3277 sublimitate
1428 3229 1429 3277 l

205 3285 210 3308 ⁸
278 3305 411 3372 caelesti.
446 3326 482 3372 er
496 3305 655 3388 Epidauro
669 3307 774 3371 tamen
790 3307 865 3390 quid
880 3308 927 3372 est
941 3308 1026 3374 aliud
1046 3310 1186 3376 adlatum
1210 3312 1275 3378 nisi
1296 3313 1393 3398 magni
1427 3333 1428 3389 1

278 3409 411 3494 agminis
439 3411 585 3476 coluber?
618 3408 711 3474 fidem
732 3409 760 3476 si
782 3409 940 3475 annalium
969 3413 1126 3495 sequimur
1153 3417 1184 3480 et
1208 3417 1393 3500 exploratam
1426 3439 1427 3503 q

277 3511 321 3576 eis
349 3511 557 3579 adtribuimus
586 3511 765 3590 nummum,
794 3513 890 3595 nihil,
919 3516 956 3580 ut
977 3517 1185 3599 consumptum
1208 3519 1277 3596 est,
1306 3519 1392 3585 aliud
1425 3543 1426 3615 l

64 3697 70 3708 ,
174 3644 194 3686 1.
206 3613 285 3700 ussat
310 3615 385 3698 qnid
407 3632 479 3700 ergo
501 3614 660 3680 boemus?
687 3615 888 3698 Aesculapius
910 3617 969 3682 iste
991 3636 1082 3700 quem
1104 3619 1303 3702 praedicatis,
1329 3627 1413 3690 dena

309 3869 574 3924 transissemus
665 3869 838 3940 ipraeiactis
851 3871 877 3926 Ρ
889 3887 951 3927 corr
1042 3875 1059 3928 5
1070 3876 1263 3943 pronunciatur
1277 3877 1335 3932 Sab

275 3955 507 4023 Sinterquieberit
518 3955 546 4008 P
629 3955 738 4026 tybicen
749 3957 778 4010 P
861 3957 1200 4016 murmurmurmur
1216 3963 1244 4016 P
1333 3965 1391 4019 arc-

276 4057 375 4096 esserem
390 4042 513 4113 specul:
538 4042 656 4098 tabulati
676 4043 844 4099 Maeones
861 4044 974 4100 uidear
1110 4048 1141 4101 11
1166 4063 1182 4101 a
1199 4047 1258 4103 ooo
1277 4049 1333 4105 Sab

208 4156 212 4164 ·
277 4126 310 4180 12
328 4125 440 4195 quoduis
457 4128 485 4181 P
501 4142 562 4182 corr
648 4127 766 4181 sentient
784 4129 916 4184 Peoere⁴
1000 4147 1047 4184 nec
1065 4131 1184 4188 adSab:
1202 4138 1287 4202 negat
1305 4137 1336 4190 P

283 4214 315 4267 16
333 4216 460 4268 recreatas
474 4213 573 4268 Peorr
675 4213 825 4282 pestilentis
843 4216 974 4272 Peorre⁴
1076 4219 1110 4274 18
1127 4218 1334 4288 aesculapinsP

276 4300 310 4354 28
327 4300 461 4370 augminis
478 4301 620 4356 Meurss'as
723 4301 757 4354 30
773 4302 887 4357 dicimus
905 4303 960 4359 Sao
1063 4307 1223 4376 aeseolapius
1241 4308 1272 4361 P
