2916 5010
265 457 326 522 128
563 451 704 506 Arnobii
731 451 890 506 aduersus
916 451 1070 506 nationes

263 630 377 709 ponsa?
410 625 612 708 Aesculapius
646 623 755 690 officiis
787 625 818 689 et
849 624 990 690 medendi
1022 624 1140 690 artibus
1172 626 1310 708 praeest:
1348 626 1380 689 et

263 750 318 796 cur
337 730 426 812 plura
447 728 625 793 morborum
648 727 679 791 et
702 726 918 792 ualetudinnm
940 745 1052 812 genera
1073 728 1113 793 ad
1135 729 1302 793 samtatom
1323 746 1380 792 ne-

263 834 378 915 queunt
407 830 713 911 incolumitatemque
742 829 878 913 perduoi,
908 830 1004 894 immo
1034 830 1091 896 sub
1121 831 1203 913 ipsis·
1219 829 1301 894 fiunt
1323 849 1379 894 cn-

262 937 399 1002 rantium
420 934 561 1000 manibus
584 933 757 999 atrociora?
790 933 878 999 curat
899 933 1071 998 Mercurius
1099 952 1249 1011 esromae,
1270 933 1380 1018 pugil-

261 1039 378 1104 latibus
407 1039 438 1102 et
467 1036 686 1102 luctationibus
715 1037 851 1118 praeest:
866 1109 868 1114 ,
885 1037 916 1100 et
945 1056 999 1101 cur
1027 1037 1159 1102 inuictos
1188 1055 1294 1102 omnes
1317 1055 1409 1101 nona

262 1141 382 1225 perficit
409 1139 521 1223 quibus
550 1139 683 1222 praeest,
714 1157 768 1203 cur
796 1139 887 1203 unius
916 1138 949 1204 in
978 1139 1077 1204 officio
1106 1140 1300 1222 praesidatus
1322 1139 1381 1204 hos

262 1245 409 1310 uictoriae
452 1243 620 1325 compotes,
662 1242 738 1306 alios
774 1260 846 1306 uero
882 1242 1051 1324 perpetitur
1087 1243 1292 1327 ignominiosa
1329 1244 1380 1308 in·

214 1345 409 1412 tlfirmitate
438 1345 551 1410 rideri?
584 1345 815 1424 tutelatoribns‚
846 1345 962 1428 inquit,
996 1347 1148 1430 supplicat
1181 1347 1242 1413 diis
1275 1366 1380 1428 nemo,

261 1453 292 1515 et
321 1451 435 1516 idcireo
464 1448 582 1532 singuli
610 1448 815 1514 familiaribus
845 1449 953 1515 officiis
982 1449 1074 1531 atque
1103 1451 1227 1516 auxiliis
1253 1451 1379 1516 desunt.

261 1553 321 1618 nisi
350 1553 431 1617 enirn
459 1553 531 1617 tura
554 1551 585 1616 et
607 1551 703 1616 salsas
733 1552 886 1634 accipiant
907 1553 1025 1638 fruges,
1055 1552 1230 1620 benefacere
1253 1555 1299 1620 dii
1323 1574 1410 1620 ne-re

252 1655 390 1736 queunt,
421 1657 451 1718 et
474 1654 535 1718 nisi
556 1671 700 1737 pecorum
723 1655 871 1738 sanguine
893 1655 1048 1721 delibutae
1071 1674 1142 1721 suas
1164 1658 1381 1739 conspexerint

261 1758 377 1836 aniles,
408 1775 477 1822 snos
499 1758 643 1822 deserunt
665 1759 756 1840 atque
778 1758 917 1824 abiciunt
938 1758 1153 1840 praesidatus?
1185 1759 1296 1842 atquin
1321 1777 1379 1844 ego

260 1861 347 1925 rebar
375 1861 466 1943 paulo
494 1861 582 1938 ante,
612 1863 794 1943 spontaneas
821 1879 886 1926 osse
908 1862 1072 1927 numinum
1094 1863 1304 1946 benignitates
1328 1863 1381 1928 ul-

260 1966 367 2044 troque
389 1963 427 2028 ab
448 1963 498 2028 his
519 1963 612 2028 fluere
638 1963 830 2046 inexpectata
859 1965 1083 2030 beniuolentiae
1112 1984 1249 2031 munera.
1284 1986 1381 2030 num·

260 2067 335 2148 quid
364 2067 445 2130 enim
467 2086 519 2132 rex
540 2065 605 2150 poli
634 2066 780 2132 libamine
802 2066 905 2148 aliquo
928 2067 1101 2134 exambitur
1122 2068 1177 2133 aut
1198 2068 1317 2152 hostia,
1341 2071 1409 2134 ute

260 2169 363 2234 omnia
391 2169 453 2236 ista
481 2168 593 2251 quibus
619 2169 738 2234 inuitur
761 2170 920 2234 commoda
942 2171 1121 2236 mortalium
1143 2171 1289 2254 gentibus
1313 2171 1378 2236 lar·

259 2272 386 2355 gistri?
407 2291 466 2336 non
489 2273 641 2352 feruorem
663 2273 830 2356 genitalem
852 2272 925 2337 solis
948 2272 1032 2352 deus,
1055 2273 1153 2339 noctis
1169 2276 1200 2338 et
1221 2276 1377 2357 tempora,

259 2375 367 2440 uentos
396 2375 516 2457 pluuias
545 2375 651 2458 fruges
685 2376 803 2439 cunctis
837 2375 1053 2440 subministrat
1085 2376 1253 2458 aequaliter
1285 2379 1378 2468 bonis

259 2477 349 2542 malis
382 2477 505 2542 iniustis
537 2476 628 2542 iustis
668 2477 809 2560 ingenuis
845 2477 941 2542 seruis
978 2478 1163 2561 pauperibus
1200 2475 1378 2544 diuitibus?

258 2581 315 2645 hoc
338 2582 385 2645 est
407 2580 490 2644 enim
512 2579 670 2662 proprium
692 2578 741 2643 dei
755 2580 891 2661 potentis
907 2598 942 2644 ac
957 2581 1032 2659 ueri,
1057 2581 1212 2654 inexorata
1226 2581 1410 2646 beneficiare

176 2696 249 2750 1111
258 2683 402 2765 praebere
431 2681 518 2747 fessis
548 2683 640 2764 atque
668 2681 817 2746 inualidis
843 2680 847 2768 Ι
872 2683 962 2747 robus
986 2683 1017 2747 et
1038 2683 1224 2748 multiformi
1253 2703 1378 2768 semper

260 2786 424 2868 asperitate
445 2785 580 2850 uallatis.
614 2803 687 2850 nam
710 2784 865 2850 sacnficiis
888 2785 980 2850 editis
1000 2787 1034 2850 id
1056 2789 1135 2870 qnod
1160 2787 1296 2869 poscaris
1320 2788 1377 2852 ad·

260 2907 363 2972 nuere,
386 2887 513 2952 nonest
539 2887 622 2952 istud
644 2888 871 2972 postulantibus
900 2888 1062 2955 subuenire
1090 2889 1143 2954 sed
1168 2889 1359 2974 benignitat'

260 2990 399 3073 propriae
420 2988 664 3056 munificentiam
685 2991 853 3056 uenditare.
887 2991 1023 3056 ludimus
1039 2993 1070 3056 et
1084 2991 1262 3056 lascinimus
1283 2993 1378 3058 tanta

258 3094 291 3158 in
312 3112 344 3157 re
365 3093 512 3172 homines,
535 3095 567 3157 et
588 3093 641 3176 qui
663 3094 705 3158 sit
721 3097 794 3160 deus
814 3093 915 3171 obliti,
936 3094 1010 3176 quid
1030 3095 1123 3160 istius
1145 3095 1411 3180 magnificentias

259 3195 403 3274 nominis,
434 3196 578 3279 quicquid
600 3197 663 3261 uile
685 3197 737 3261 uel
758 3196 916 3261 sordidum
939 3198 1106 3280 suspiciosa
1126 3199 1284 3279 potuimus
1309 3217 1378 3263 cre-

209 3299 391 3366 1111111111
418 3298 588 3382 confingere
618 3298 701 3365 diuis
728 3299 911 3366 tutelaribus
939 3301 1133 3385 adrogamus.
1166 3300 1377 3379 unctionibus,

291 3610 306 3661 1
319 3605 431 3660 officinis
445 3605 606 3659 8111111111
689 3605 794 3660 lauret
805 3604 895 3660 stoa.-
912 3592 989 3660 c'firae
1001 3605 1042 3674 (in
1052 3622 1096 3675 mg
1108 3607 1142 3674 ·.·)
1156 3606 1236 3668 Pom
1252 3605 1307 3660 Ure
1354 3609 1366 3624 ²

258 3707 358 3745 ceroma
376 3691 431 3745 Scb
459 3690 584 3744 ceromasi
606 3689 658 3744 Urs
759 3691 776 3744 5
794 3692 912 3758 praestet
930 3689 984 3745 Sub
1087 3692 1102 3744 7
1125 3691 1254 3759 compotit
1272 3690 1378 3747 Stoice·

257 3778 333 3831 cotos
347 3779 477 3844 compotes
489 3791 543 3828 esse
560 3774 640 3829 ,91111
652 3777 783 3845 compotes
801 3775 816 3829 ,9
907 3765 1096 3830 8tutelaribue
1108 3776 1162 3830 Sob
1249 3777 1282 3830 10
1292 3777 1380 3832 thura

258 3879 291 3916 coc
307 3879 368 3916 cura
385 3863 413 3915 P
430 3863 491 3914 tura
507 3877 523 3914 1
635 3863 667 3916 11
686 3861 815 3915 dilibutas
833 3860 861 3913 P
961 3861 994 3914 12
1006 3861 1172 3930 praesidatus
1184 3860 1255 3916 Sub:
1273 3864 1379 3931 praeei-

256 3948 346 4001 diatus
357 3947 384 4000 P
455 3945 554 4015 adquin
566 3948 661 4002 Pcorr
736 3947 768 4001 14
779 3945 926 4015 inexpetita
943 3947 994 4002 Urs
1065 3947 1192 4016 numquit
1203 3948 1231 4001 P
1241 3964 1305 4002 corr

258 4034 290 4086 16
308 4031 470 4086 commodam
488 4033 515 4086 P
532 4047 592 4087 1611
608 4037 631 4086 c‘
736 4032 869 4101 gentibus]
886 4034 976 4101 generi
998 4033 1049 4088 Urs
1151 4034 1182 4087 ll
1200 4033 1336 4088 ferborem
1348 4036 1378 4090 P

256 4135 317 4174 1611
419 4119 451 4174 18
468 4118 573 4186 plubias
585 4120 613 4173 P
623 4134 684 4173 corr
786 4119 819 4172 19
836 4119 914 4173 iustis
931 4120 1039 4196 iniustis
1052 4119 1169 4187 (iniustis
1181 4121 1261 4174 iustis
1273 4121 1377 4176 Hilde-

257 4203 399 4272 brondius)
424 4203 547 4272 ingenuis
574 4204 642 4260 Urs.-
670 4203 779 4258 iniustis
797 4206 824 4259 P
958 4205 992 4258 20
1013 4207 1134 4260 inexcita
1158 4205 1264 4262 Pcorr
1279 4211 1304 4260 c'

257 4289 291 4343 25
308 4289 372 4358 quid
390 4290 445 4344 Sub
559 4351 562 4356 ,
