2950 5006
254 468 295 534 16
554 464 696 520 Arnobii
720 466 883 520 aduersus
906 467 1064 522 nationes

202 640 333 704 1166116
354 638 477 704 uersari.
511 639 614 704 uestra
636 640 709 704 sunt
730 639 813 719 haec,
837 641 940 704 uestra
954 642 1027 704 sunt
1047 639 1223 723 inreligiose
1245 639 1373 722 opinata
1418 702 1422 708 ,

251 743 282 808 61
303 742 510 828 inreligiosius
532 741 656 806 credita.
690 741 877 824 quinimmo,
900 744 936 807 ut
957 742 1060 808 uerius
1083 743 1254 824 proloquar,
1276 743 1373 808 haru-

149 874 164 916 1
251 846 347 928 spicea
369 847 424 912 has
446 844 574 920 fabulas,
607 844 790 910 coniectores
818 845 929 911 harioli
956 847 1043 912 nates
1066 847 1097 911 et
1118 865 1289 928 numquam
1310 863 1374 911 non

252 948 325 1014 uani
347 950 564 1015 concinnauore
585 947 727 1026 fanatici,
761 948 814 1030 qui
836 967 874 1012 ne
896 967 969 1014 suae
996 951 1078 1014 artes
1100 949 1253 1014 intereant
1275 967 1311 1013 66
1333 967 1372 1014 ne

251 1053 345 1135 stipes
360 1051 485 1137 exiguas
507 1050 729 1116 consultoribus
752 1051 908 1116 excutiant
929 1051 993 1116 iam
1015 1051 1101 1128 raris,
1125 1051 1294 1134 siquando
1316 1069 1374 1116 uos
1401 1078 1414 1116 6

250 1157 406 1222 uallarem
417 1153 521 1219 uenire
533 1153 567 1217 in
579 1152 730 1218 inuidiam
742 1154 961 1237 compererumt,
974 1155 1178 1239 negleguntur
1190 1153 1244 1233 dii,
1262 1155 1373 1219 clami-

250 1261 329 1337 tant,
352 1259 444 1339 atque
465 1257 499 1320 in
520 1257 646 1340 templis
668 1255 732 1321 iam
753 1256 866 1322 raritas
888 1275 1010 1322 summa
1031 1258 1086 1336 est,
1112 1257 1212 1322 iacent
1226 1257 1375 1340 antiquae

183 1381 203 1436 r,
216 1361 373 1435 abderisui
395 1360 593 1426 caerimoniae
608 1360 639 1423 et
653 1377 808 1424 sacrorum
829 1361 983 1442 quondam
1003 1360 1162 1426 deterrimi
1177 1361 1256 1426 ritus
1274 1359 1280 1448 Ι
1297 1362 1375 1426 1611-

250 1465 376 1550 giorum
387 1481 536 1528 nouarum
548 1461 816 1545 superstitionibus
827 1463 1012 1541 occiderunt,
1028 1465 1060 1528 et
1073 1463 1184 1529 merito
1199 1464 1375 1530 humanum
1401 1458 1410 1474 '

251 1585 345 1653 genus
368 1566 415 1630 tot
436 1565 630 1630 miseriarum
657 1565 808 1648 angustiis
834 1566 998 1649 premitur,
1033 1568 1083 1644 tot
1102 1567 1242 1633 laborum
1264 1586 1373 1633 excru-
1386 1597 1415 1636 ιο

252 1669 350 1734 ciatnr
371 1669 537 1734 aerumnis:
561 1668 593 1733 et
613 1668 763 1747 hominos,
785 1670 914 1736 brutum
935 1689 1031 1755 genus
1052 1672 1084 1736 et
1104 1671 1185 1753 quod
1200 1671 1297 1737 situm
1312 1673 1375 1738 sub

249 1772 367 1839 lumine
389 1773 435 1837 661
457 1772 604 1838 caecitate
637 1772 779 1857 ingenita
810 1774 997 1856 nequeuntes
1029 1774 1143 1853 uidere,
1177 1775 1293 1840 audent
1314 1777 1377 1840 ad-

200 1888 387 1951 tsseuerare
415 1877 523 1942 funosi
552 1877 632 1958 quod
654 1895 708 1943 uos
734 1877 1237 1944 6161616161611166611166611.
1275 1896 1310 1943 ac
1333 1897 1377 1943 ne

250 1981 319 2064 quis
340 1999 394 2046 nos
416 1982 519 2045 tamen
540 1978 712 2045 diffidentia
733 1981 934 2063 responsionis
956 1980 1193 2062 tranquillitatis
1216 1980 1378 2046 existimet

250 2085 323 2150 deos
344 2084 456 2150 donare
485 2083 673 2162 muneribus,
695 2083 833 2150 innoxias
864 2083 1019 2167 adfingere
1047 2083 1096 2148 his
1125 2083 1244 2170 mentes
1276 2085 1375 2166 atque
1387 2109 1414 2148 1⁵

248 2188 286 2254 ab
302 2188 385 2252 omni
399 2186 629 2270 perturbatione
645 2186 788 2264 dimotas,
811 2185 1021 2265 concedamus,
1044 2185 1126 2251 sicut
1139 2185 1267 2252 libitum
1280 2187 1376 2252 uobis

249 2293 311 2369 est,
344 2290 499 2355 interduo
521 2289 553 2353 in
575 2307 630 2352 nos
652 2288 730 2367 iras,
759 2288 938 2372 sanguinem
959 2289 1030 2354 illos
1059 2289 1146 2354 sitire
1174 2291 1315 2356 nostrum
1339 2294 1377 2357 61

249 2393 430 2460 iamdudum
458 2411 512 2458 nos
539 2411 647 2474 cupere
675 2391 852 2458 mortalium
880 2391 1060 2458 submouere
1082 2393 1118 2456 de
1141 2393 1278 2458 saeculis.
1315 2395 1377 2459 sed

249 2498 276 2562 si
308 2516 367 2563 non
400 2497 447 2562 est
479 2495 658 2574 molestum,
695 2513 755 2559 non
787 2513 895 2578 grana
934 2495 961 2560 si
993 2494 1166 2560 communis
1196 2495 1288 2562 officii
1319 2514 1376 2562 res
1463 2513 1464 2516 ’

249 2602 305 2679 661,
328 2619 388 2666 nou
411 2620 448 2666 61
469 2599 578 2683 gratia,
602 2599 656 2664 sed
678 2617 714 2663 ar
736 2617 808 2664 uero
830 2597 1062 2681 disceptationis
1084 2597 1175 2664 huius
1198 2598 1415 2681 disceptarem

249 2705 415 2784 momenta,
438 2701 544 2768 audire
566 2721 585 2766 a
605 2701 693 2766 uobis
716 2702 921 2784 exposcimus,
944 2720 1094 2785 quaenam
1118 2701 1160 2767 sit
1181 2703 1256 2768 haee
1277 2702 1374 2784 ratio,

250 2827 327 2891 quae
350 2825 441 2872 cansa
467 2807 594 2888 propter
616 2823 709 2888 quam
730 2805 764 2871 in
786 2823 840 2871 nos
861 2807 984 2872 tantum
1006 2807 1038 2872 61
1052 2806 1097 2870 dii
1112 2805 1252 2871 66661611
1267 2807 1376 2888 superi
1462 2793 1463 2854 1

249 2913 281 2976 61
304 2909 437 2992 asperati
457 2907 596 2973 homines
625 2907 827 2974 inardescant.
861 2909 1042 2993 religiones,
1071 2909 1234 2992 inquiunt,
1256 2907 1375 2990 impias

249 3014 341 3094 atque
361 3010 518 3076 inauditos
540 3012 644 3076 cultus
658 3012 810 3078 terrarum
825 3014 857 3077 in
872 3012 946 3077 orbe
961 3012 1113 3078 tractatis.
1148 3010 1254 3094 quid-o
1268 3012 1375 3093 parti-

249 3116 329 3198 cipes
361 3115 487 3180 rationis
521 3115 642 3180 audetis
669 3115 808 3182 homines
837 3115 992 3200 proloqui,
1026 3115 1101 3198 quid
1124 3114 1259 3193 effutire,
1293 3115 1412 3196 quidet

248 3235 387 3304 promere
409 3218 588 3284 temerariae
610 3219 694 3286 uocis
717 3219 927 3304 desperatione
949 3218 1133 3301 temptatis?
1163 3217 1255 3284 deum
1282 3218 1374 3300 prin-

249 3322 363 3405 cipem,
385 3339 487 3386 rerum
510 3323 693 3388 cunctarum
715 3340 923 3404 quaecumque
945 3322 1017 3387 sunt
1038 3321 1212 3399 dominum,
1236 3322 1375 3387 summi·
1461 3307 1462 3391 1

248 3426 347 3491 tatem
369 3423 507 3491 omnium
523 3445 715 3492 summorum
730 3424 931 3505 obtinentem,
955 3426 1091 3504 adorare,
1115 3425 1260 3508 obsequio
1275 3444 1374 3491 uene-

248 3529 341 3595 rabili
374 3529 526 3608 inuocare,
560 3530 593 3594 in
613 3529 705 3594 rebus
734 3527 825 3594 fassis
852 3529 927 3594 totis
949 3528 985 3594 ut
1007 3529 1054 3593 ita
1076 3529 1205 3594 dixerim
1227 3527 1374 3595 sensibus

249 3632 415 3714 amplexari
448 3651 551 3698 amare
580 3633 732 3716 suspicere
765 3631 943 3698 execrabilis
965 3631 1074 3716 religio
1097 3633 1145 3697 est
1167 3632 1199 3696 et
1220 3630 1371 3713 miausta,
1385 3664 1413 3704 30

282 3975 297 4026 1
316 3976 429 4028 exsortes
448 3972 522 4026 Solm
633 3973 650 4026 5
666 3987 714 4026 nos
738 3971 867 4027 bellorum
886 3973 999 4040 [lipsius
1027 3987 1074 4025 nor
1098 3971 1228 4025 malornm
1246 3985 1293 4040 epo
1311 3986 1373 4024 ma·

248 4061 295 4114 la'm
396 4058 958 4128 6611,6161111611]166161111611666
1064 4056 1255 4111 Scerimoniae
1272 4057 1301 4110 P

249 4146 282 4201 10
309 4145 439 4214 angustis
462 4146 489 4200 P
600 4144 748 4214 praemitur
766 4146 794 4200 P
895 4146 929 4199 12
947 4146 1110 4213 neq.¹¹⁶untes
1127 4144 1156 4197 P
1262 4143 1297 4196 20
1313 4142 1373 4197 dis-
1458 4197 1459 4210 ,

249 4230 396 4300 putationis
420 4229 472 4285 Urs
556 4225 702 4299 dispectore
714 4229 790 4286 Sulm
876 4229 1020 4284 666161)
1098 4228 1300 4283 6411661161)
1458 4221 1459 4309 1

248 4318 283 4372 25
299 4316 411 4372 rationis
430 4317 492 4381 Sat,
510 4331 540 4370 r:
568 4317 684 4371 rationes
701 4318 730 4371 P
840 4317 874 4371 26
891 4315 1078 4385 ‘disparatione
1096 4315 1140 4370 ael
1169 4314 1373 4384 disceptatione‘

254 4403 307 4458 Urs
408 4403 563 4457 temtatisr
