2888 5008
562 495 662 549 Liber
684 495 744 550 VIL
858 548 860 552 ,
1144 499 1205 564 271

91 666 398 754 conuenientissimas
420 665 560 733 nomini?
581 668 655 732 haec
675 669 747 732 sunt
763 670 841 732 dona
856 667 1034 752 certissima,
1058 668 1207 735 sacrificia

89 771 170 836 haec
192 789 280 847 uera3
302 789 373 836 nam
394 769 575 853 pulticulae,
598 770 689 834 thura
711 787 782 834 cum
804 770 947 836 carnibus
969 771 1126 853 rapacium
1148 771 1206 836 ali-

88 878 200 938 menta
221 873 293 938 sunt
314 872 434 958 ignium
456 875 488 938 et
508 873 718 954 parentalibus
741 873 1206 940 coniunctissimamortuorum.
1287 953 1290 959 ¹

128 975 197 1042 ¹Sed
212 977 239 1041 si
254 976 298 1041 dii
312 975 503 1041 immortales
517 977 680 1058 noqueunt,
702 975 813 1057 inquit,
837 977 928 1040 irasci
942 995 1039 1059 neque
1054 977 1125 1042 ullis
1139 978 1205 1042 ani·
1216 983 1256 1046 38

60 1097 216 1146 amorum
245 1079 416 1145 adfectibus
439 1097 544 1145 eorum
566 1077 965 1161 quatitur-concutiturque
986 1082 1109 1161 natura,
1133 1080 1207 1162 quid

88 1184 240 1249 historiae
253 1181 322 1247 -sibi
343 1183 463 1260 uolunt,
486 1181 561 1264 quid
582 1182 717 1256 annales,
740 1198 870 1262 quorum
885 1183 919 1246 in
933 1179 1206 1266 conscriptionibus

88 1286 225 1371 legimus
248 1283 638 1350 nonnullisoffensionibus
661 1284 732 1349 deos
753 1285 851 1348 motos
866 1285 1067 1369 pestilentias,
1090 1286 1205 1350 sterili-

88 1391 173 1456 tates
196 1407 230 1454 ae
251 1388 377 1473 frugum
406 1388 525 1471 inopias
552 1388 673 1471 alioque
701 1389 848 1454 intulisse
870 1389 1052 1455 ciuitatibus
1072 1389 1205 1455 nationi·

87 1494 208 1575 busque
229 1491 406 1558 discrimino
425 1509 534 1573 eosque
547 1511 653 1558 rursus
668 1509 823 1558 sacrorum
846 1492 1055 1558 satisfactione
1069 1493 1205 1575 placatos

44 1622 78 1661 ιο
89 1591 338 1679 indignationum
359 1593 496 1675 posuisse
518 1593 651 1659 feruores
666 1596 697 1660 et
711 1595 744 1659 in
759 1592 901 1659 habitum
916 1594 1074 1660 laetiorem
1089 1596 1205 1662 statum

89 1699 169 1766 caeli
191 1698 471 1780 tempestatumque
491 1699 649 1762 mutasse?
681 1698 754 1779 quid
776 1698 929 1762 terrarum
951 1697 1108 1790 fremitus,
1133 1698 1205 1780 quid

88 1801 209 1879 motus,
239 1817 314 1883 quos
342 1817 407 1864 esse
428 1798 600 1882 accepimus
623 1799 737 1878 iactos,
767 1800 847 1882 quod
876 1801 979 1866 essent
1000 1801 1061 1866 acti
1082 1821 1136 1884 per
1157 1802 1204 1866 in-

88 1903 286 1988 diligentiam
313 1901 381 1966 ludi
403 1920 459 1967 nec
482 1901 522 1967 ad
543 1919 631 1967 suam
653 1901 783 1966 formam
805 1902 1073 1985 condicionemque
1094 1905 1203 1981 curati,

87 2007 271 2074 instauratis
298 2005 346 2071 his
377 2010 483 2072 tamen
504 2007 535 2071 ιι
557 2005 675 2071 curiosa
704 2005 917 2072 obseruatione
944 2007 1096 2089 repetitis,
1115 2026 1205 2090 supe·

48 2128 195 2176 rarorum
222 2109 431 2191 conquieuisso
458 2110 590 2173 terrores
612 2112 642 2173 ιι
665 2109 704 2173 ad
725 2107 886 2173 bominum
914 2127 1019 2174 curam
1040 2109 1205 2176 familiari·

34 2245 36 2250 v
87 2214 246 2295 tatemque
268 2211 446 2278 reuocatos?
473 2210 623 2293 quotiens,
645 2214 753 2276 uatum
775 2211 869 2276 iussis
884 2210 1138 2294 haruspicumque
1155 2232 1203 2278 re-

87 2315 209 2397 sponsis
235 2315 403 2398 postquam,
426 2312 532 2378 diuina
554 2332 602 2378 ros
624 2313 704 2378 facta
726 2314 774 2379 est
797 2314 827 2378 et
850 2313 1043 2404 exgentibus
1068 2313 1073 2399 Ι
1098 2316 1227 2382 trans-f.
1240 2335 1289 2384 ιιι

85 2419 218 2483 marinis
241 2416 332 2482 acciti
353 2415 398 2480 dii
419 2415 544 2498 quidam
567 2415 752 2498 delubraque
773 2415 822 2480 bis
846 2415 928 2481 faeta
949 2416 980 2480 et
994 2415 1026 2480 in
1041 2417 1202 2482 altioribus

86 2520 240 2586 columnis
267 2519 354 2604 signa
380 2518 528 2600 quaedam
551 2519 582 2583 et
603 2517 769 2584 simulacra
791 2521 864 2582 sunt
889 2517 1072 2598 constituta,
1103 2521 1134 2584 et
1154 2520 1202 2584 in-

45 2623 276 2689 reminentium
298 2622 398 2686 auersi
418 2623 491 2686 sunt
512 2620 718 2702 periculorum
741 2624 843 2686 metus
864 2622 896 2685 ιι
911 2622 1085 2705 grauissimi
1099 2623 1201 2689 hostes

84 2725 170 2810 pulsi
192 2725 223 2789 et
245 2723 434 2807 amplificata
456 2741 504 2788 res
526 2723 650 2804 publica
665 2724 713 2788 est
728 2723 759 2788 et
777 2723 978 2788 uictoriarum
992 2724 1201 2806 frequentibus

85 2827 209 2912 gaudiis
232 2827 263 2890 et
284 2825 510 2908 prouinciarum
532 2825 718 2906 possessione
745 2826 960 2909 conplurium?
992 2828 1073 2909 quod
1094 2829 1200 2910 utique

84 2948 148 2996 non
169 2929 272 3006 fieret,
301 2929 327 2992 si
350 2927 512 3005 sacrificia,
540 2927 567 2992 si
588 2926 677 2992 ludos
699 2928 876 3011 ceterosque
898 2932 1134 3011 aspernarentur
1156 2931 1200 2996 dii

86 3033 191 3100 cultus
218 3049 315 3113 neque
342 3049 374 3096 se
400 3029 541 3094 honorari
569 3047 674 3094 eorum
702 3031 964 3112 procurationibus
986 3032 1138 3099 ducerent.
1173 3035 1200 3100 si

45 3152 158 3218 ssergo
186 3133 235 3199 bis
262 3132 342 3198 datis
372 3133 453 3197 calor
475 3131 574 3196 omnis
595 3132 756 3196 numinum
777 3133 1009 3218 indignatioque
1031 3135 1200 3220 frigescunt

85 3238 309 3318 uertunturque
330 3235 363 3300 in
384 3251 528 3317 prospera
549 3253 584 3298 ea
604 3247 683 3317 quae
704 3235 889 3302 uidebantur
911 3237 1029 3303 adferre
1053 3239 1197 3304 terrores:

84 3339 288 3406 manifestum
310 3341 357 3404 est
378 3338 452 3403 haec
474 3337 578 3402 omnia
598 3355 658 3403 non
679 3338 743 3403 sine
766 3338 913 3404 caelitum
935 3340 1001 3405 fieri
1028 3342 1197 3421 uoluntate,

85 3445 119 3508 et
141 3444 221 3524 quod
243 3461 277 3506 ea
299 3441 474 3506 tribuantur
496 3440 638 3518 anobis,
666 3440 798 3505 inaniter
820 3442 852 3505 et
875 3459 946 3506 cum
967 3442 1033 3506 tota
1054 3443 1198 3525 inperitia
1294 3467 1296 3472 ¹

84 3543 275 3627 reprebendi.
313 3545 441 3608 uentum
463 3543 510 3608 est
532 3558 619 3626 ergo,
644 3543 717 3606 dum
739 3542 907 3624 loquimur,
935 3545 973 3607 ad
995 3543 1096 3626 ipsum
1119 3545 1246 3624 arti-so

45 3647 193 3718 seculum
225 3663 345 3725 causae,
378 3646 506 3712 uentum
532 3645 577 3708 ιιι
604 3644 643 3709 ad
666 3645 836 3721 cardinem,
871 3646 999 3710 uentum
1023 3665 1127 3712 ueram
1149 3648 1197 3712 at-

84 3769 144 3833 que
166 3749 205 3814 ad
226 3748 429 3813 iustissimam
450 3747 669 3830 quaestionem,
691 3747 724 3810 in
747 3766 840 3828 quam
865 3749 1007 3813 conuenit
1031 3752 1067 3814 ut
1087 3750 1196 3815 debea-

187 3876 289 3930 16-22
306 3899 339 3923 =
358 3876 417 3942 273,
434 3875 509 3931 5-9.
529 3876 570 3929 18.

119 3986 177 4040 4si
194 4001 237 4041 om
254 3986 309 4043 Sal>
433 3985 579 4055 llegimus
598 3986 666 4042 Sat:
683 3986 787 4056 legibus
804 3987 832 4041 P
954 3992 1038 4043 motos
1056 3989 1124 4045 Sub:
1141 4006 1196 4044 mo-

83 4072 169 4126 tusP
269 4071 525 4140 8aliquePcorrc
626 4072 660 4126 14
676 4087 831 4141 superorum
844 4072 912 4128 sao:
930 4075 1130 4142 superiorumP

83 4157 118 4210 17
140 4157 325 4211 benemarinis
348 4157 411 4226 Sao,
435 4175 465 4210 r:
491 4157 662 4210 transmarini
685 4158 713 4211 P
814 4158 847 4213 19
870 4159 998 4213 eimulaea
1021 4160 1049 4214 P
1067 4175 1129 4215 corr

83 4243 118 4298 23
135 4241 278 4296 sacrificia*
294 4242 321 4296 P
428 4243 462 4297 24
479 4242 516 4296 sis
533 4243 561 4296 P
665 4242 699 4295 27
716 4244 854 4312 uoluptate
867 4244 1010 4300 ,Μιιιιιιιιι
1110 4245 1145 4301 30
1162 4246 1197 4300 ad

83 4338 174 4384 ieram
202 4326 251 4382 ser
351 4328 384 4382 31
408 4328 442 4382 ad
464 4327 638 4382 iustissimam
668 4327 734 4382 Urs:
758 4327 985 4383 adiunctissimam
1008 4331 1035 4384 P
1063 4330 1097 4384 ad
1120 4331 1195 4388 iunc-
1299 4349 1301 4352 ·

84 4415 217 4470 tissimum
235 4413 370 4470 deuterus
386 4415 420 4469 ad
436 4415 639 4470 inuictissimam
655 4414 796 4470 Macestus
897 4417 1062 4484 questionem
1079 4417 1107 4471 P
