2916 5010
588 459 685 515 Liber
708 459 740 513 V.
1108 495 1112 510 1
1160 461 1222 528 175

109 650 193 698 mero
216 633 247 698 11
269 632 429 698 dulcedine
450 633 578 698 inlectos
600 633 694 698 mulsi
716 635 838 706 tamdiu
859 653 891 700 se
913 635 1029 718 poculis
1049 633 1223 720 ingurgita-

110 736 192 801 uisse
215 735 393 815 fallacibus,
423 737 576 819 utusque
598 739 636 802 ad
658 738 816 803 ebrietatis
846 739 1017 820 periculum
1047 738 1223 803 ueniretur?

112 840 304 906 credimusne
325 841 423 906 uictos
445 858 554 916 somno,
572 840 663 923 atque
686 841 833 906 altissimi
855 842 969 923 soporis
995 841 1154 906 obliuione*
1169 842 1223 906 de·

113 961 230 1012 mersos
259 943 412 1008 uinciendi
441 944 561 1026 copiam
589 943 638 1008 sui
666 944 852 1010 animalibus
874 945 1051 1027 praebuisse
1073 943 1224 1008 terrenis?

81 1069 95 1106 1
116 1047 227 1129 quibus
248 1046 355 1113 deinde
376 1047 515 1129 partibus
537 1047 730 1112 uiucrdomm
743 1047 816 1112 illae
830 1047 961 1142 iniectae
975 1047 1047 1111 111111
1060 1047 1223 1112 nexiones?

111 1151 279 1216 soliditatis
301 1150 455 1215 habebant
476 1150 639 1232 quicquam
660 1155 713 1215 aut
736 1169 771 1214 ex
793 1151 879 1216 (111111
905 1151 1024 1216 ossibus
1039 1150 1222 1214 informatae
1277 1191 1280 1197 -

108 1253 232 1318 fuerant
265 1271 368 1318 eorum
401 1272 525 1331 manus,
559 1272 636 1336 quae
668 1254 838 1338 constringi
870 1255 988 1337 laqueis
1017 1255 1048 1318 et
1075 1253 1222 1348 nodorum

110 1359 236 1440 possent
256 1356 490 1439 inligationibus
512 1356 667 1421 coerceri?
700 1375 760 1421 uon
782 1358 864 1422 enim
886 1357 1020 1440 requiro,
1044 1376 1104 1421 nou
1127 1356 1222 1438 exigo,

114 1479 154 1525 an
180 1460 298 1541 aliquid
330 1459 484 1541 potuerint
515 1458 576 1524 fari
608 1459 765 1524 ebrietatis
791 1459 975 1526 alienatione
1003 1459 1162 1537 nutantes,
1185 1479 1223 1524 au

66 1587 96 1624 ro
112 1563 186 1626 Ioue
207 1562 306 1627 inuito
328 1562 378 1626 uel
398 1562 499 1643 potius
521 1561 624 1627 nescio
646 1561 842 1644 protrahendi
864 1564 903 1627 ad
925 1563 1022 1628 terras
1039 1562 1104 1627 eius
1127 1561 1223 1627 ritum

111 1665 275 1747 quisquam
297 1665 431 1747 potuerit
452 1665 622 1746 publicare:
645 1665 724 1730 illud
746 1665 846 1730 solum
869 1665 975 1730 audire
990 1665 1136 1746 desidero,
1160 1684 1223 1748 cur,

114 1768 142 1832 11
164 1767 288 1832 Faunus
310 1769 342 1832 et
363 1767 455 1834 Picus
477 1770 549 1834 sunt
570 1768 669 1832 diuini
691 1769 811 1851 generis
833 1769 865 1832 ct
886 1767 1059 1852 potestatis,
1083 1768 1224 1850 uouipsi

111 1870 215 1952 potius
245 1870 365 1936 edidero
388 1871 551 1953 quaerenti
580 1871 613 1935 id
645 1871 725 1953 quod
754 1871 887 1955 abipso
918 1872 991 1938 Ioue
1023 1871 1224 1954 periculosius

107 1972 213 2038 Numa
242 1974 384 2056 cupiebat
413 1975 540 2039 audire?
570 1973 574 2057 1
600 1993 640 2038 au
670 1975 819 2056 numquid
848 1975 989 2058 Iuppiter
1017 1974 1100 2040 solus
1132 1975 1293 2041 uniuerso

66 2077 150 2140 rarsi
179 2077 342 2142 scientiam
370 2080 517 2142 nouerat?
546 2077 583 2142 ab
607 2076 673 2158 ipso
695 2080 776 2142 enim
796 2078 945 2143 decidunt
970 2078 1101 2143 fulmina
1122 2115 1160 2146 11
1182 2080 1218 2142 11

103 2179 289 2244 inminentia
316 2199 475 2262 procurare
504 2179 634 2245 alicuius
656 2179 766 2244 debeat
788 2180 934 2245 scientiae
955 2181 1142 2264 disciplina?
1178 2200 1217 2248 an

105 2301 179 2348 oum
201 2283 267 2365 ipsc
287 2283 439 2348 iaculetur
460 2283 515 2347 hos
536 2274 632 2366 ignes,
656 2282 788 2348 aliorum
812 2282 854 2347 sit
876 2282 973 2365 operis
996 2284 1083 2362 scire,
1107 2283 1221 2365 quibus

103 2387 205 2450 modis
238 2387 398 2451 conueniat
427 2387 488 2451 iras
517 2387 583 2451 eius
612 2388 702 2467 atque
731 2387 848 2451 animos
878 2389 1070 2469 temperare?
1103 2386 1218 2451 etenim

103 2508 212 2554 reuera
231 2487 454 2554 stultissimum
469 2488 588 2554 credere
603 2489 658 2570 est,
681 2492 783 2572 ipsum
797 2489 932 2554 remedia
947 2489 1082 2567 sciscere,
1106 2489 1217 2570 quibus

63 2591 211 2656 1111111111
237 2593 356 2674 possint
381 2609 416 2656 oa
448 2610 525 2674 quae
550 2611 604 2674 por
631 2591 770 2658 fulminis
799 2593 916 2657 iactum
937 2593 1134 2657 inhumanis
1155 2591 1222 2656 fieri

106 2694 307 2760 constituerit
328 2695 429 2759 rebus.
460 2693 517 2759 hoc
539 2695 585 2758 est
606 2694 688 2758 onim
711 2695 825 2760 dicere:
849 2695 904 2759 illo
920 2695 998 2760 ritus
1013 2715 1122 2778 genero
1137 2713 1221 2760 meas

102 2797 172 2861 iras
194 2796 369 2879 placabitis,
395 2797 426 2861 11
446 2797 474 2860 11
496 2797 614 2878 quando
636 2817 691 2880 per
718 2797 842 2880 fulgura
869 2798 1081 2882 significauero
1103 2797 1222 2880 aliquid

102 2901 283 2978 imminere,
307 2899 400 2965 facite
421 2900 478 2965 hoc
501 2901 532 2964 et
553 2901 647 2980 illud,
671 2900 707 2965 ut
728 2901 809 2984 quod
837 2901 903 2966 fieri
930 2901 1026 2967 statui
1053 2903 1144 2966 inane
1165 2901 1222 2966 fiat

104 3005 136 3068 et
159 3022 290 3068 uacuum
304 3005 335 3068 ot
347 3022 503 3070 sacrorum
517 3003 551 3067 ui
565 3005 718 3069 uanosoat.
748 3005 800 3068 sed
815 3005 1024 3082 concedamus,
1048 3005 1084 3069 ut
1098 3003 1248 3083 1111111111

64 3133 91 3172 11
103 3108 210 3189 ipsum
232 3107 395 3172 aduersum
417 3127 449 3174 so
470 3108 575 3172 Iouem
597 3107 733 3173 remedia
760 3109 852 3174 scisse
881 3111 972 3190 atque
998 3108 1078 3173 artes
1110 3108 1221 3190 quibus

104 3211 149 3274 iri
172 3210 296 3276 obuiam
318 3212 381 3276 suis
404 3211 680 3295 significationibus
704 3211 892 3300 conueniret:
916 3211 1049 3277 etiamne
1064 3212 1221 3276 credemus

111 3313 206 3378 deum·
232 3314 367 3378 numinis
396 3314 473 3379 taut'
504 3316 639 3380 tractum
668 3333 732 3379 esse
762 3314 801 3378 ad
830 3316 929 3378 terras
950 3316 982 3379 et
1002 3315 1034 3380 in
1060 3316 1221 3380 uerrucula

109 3417 198 3482 collis
221 3416 311 3482 unius
333 3436 404 3482 cum
425 3417 609 3482 homunculo
637 3418 771 3482 stantem
799 3416 1011 3485 altercabilem
1034 3417 1220 3482 conseruisse

109 3523 305 3586 sermonem?
339 3521 369 3586 11
391 3538 539 3602 quaenam
562 3521 627 3598 illa,
651 3538 770 3602 quaeso,
794 3518 900 3583 diuina
921 3537 967 3582 res
989 3518 1059 3598 fuit,
1083 3539 1159 3602 quae
1181 3520 1219 3585 ab

63 3643 93 3684 1ο
107 3622 228 3704 impetu
249 3641 351 3688 rerum
373 3624 460 3688 tanto
482 3623 588 3688 Iouem
610 3621 758 3705 compulit
780 3622 902 3686 auocari
917 3623 948 3686 ct
962 3623 1140 3688 mortalium
1155 3641 1219 3688 1111

107 3725 391 3792 denuntiationibus
414 3727 543 3791 sistere?
564 3725 646 3790 mola
668 3725 758 3803 salsa,
782 3725 843 3803 tus,
861 3725 995 3808 sanguis,
1018 3725 1218 3791 uerbenarum

138 3983 156 4036 2
167 3982 305 4038 ebrietatis
318 3983 344 4037 P
422 3983 439 4036 3
450 3985 536 4036 uictos
551 3983 617 4038 Urs:
628 3984 733 4037 uinctos
743 3983 769 4037 P
848 3984 883 4038 14
893 3983 1018 4054 numquit
1029 3985 1057 4038 P
1066 3998 1150 4040 sorar

102 4069 138 4125 15
156 4068 190 4122 ab
207 4069 265 4138 ipso
278 4069 346 4124 Sub:
365 4068 502 4137 adipsum
520 4069 548 4122 P
647 4069 775 4123 1111111111
790 4069 904 4139 riputati
1003 4070 1037 4125 15
1047 4087 1085 4139 aq.
1104 4069 1217 4140 (abipso

103 4155 177 4210 enim
196 4155 330 4222 decidunt)
348 4154 463 4208 fulmina
481 4156 512 4208 ut
528 4153 547 4206 i.
565 4155 698 4222 procurari
715 4171 739 4210 a.
751 4154 865 4208 debcant
876 4155 1017 4210 Macareida
1103 4157 1135 4210 19
1153 4157 1217 4212 scis·

102 4257 162 4297 cere
172 4241 329 4296 Heroides:
346 4242 411 4295 scire
423 4241 451 4294 P
551 4240 586 4293 20
602 4255 632 4293 11
643 4256 685 4295 om
697 4239 751 4296 boo
853 4241 1077 4310 21111111]11111111
1092 4242 1148 4298 aco

100 4328 138 4382 22
149 4327 203 4381 1111
214 4342 238 4396 r,
249 4327 405 4382 Moarsioca:
415 4327 463 4380 has
474 4327 502 4380 P
567 4325 644 4379 23111
656 4323 713 4380 add
723 4326 777 4382 aco
844 4327 879 4381 24
890 4343 1021 4382 sacrorum
1033 4329 1062 4383 111
1072 4330 1217 4386 Octauios:

103 4429 240 4468 sacrorum
252 4414 280 4467 P
291 4429 393 4480 sacrum
406 4413 462 4468 sco
562 4412 596 4465 27
608 4413 747 4467 uemuoula
759 4413 829 4468 ano:
844 4414 972 4468 uomicula
984 4415 1012 4468 P
1111 4415 1145 4470 31
1157 4431 1216 4486 sag·

102 4500 179 4554 mina
192 4503 253 4568 (pro
266 4499 384 4570 sanguis)
396 4498 577 4565 uerbenarum,
596 4497 696 4552 suffitio
709 4499 829 4569 Scotiper
