2888 5008
249 528 312 596 228
556 523 697 579 Arnobii
714 524 875 578 aduersus
892 523 1045 578 nationes

250 698 391 766 diducere
419 698 452 764 in
479 697 617 764 membra
643 696 792 763 resolutos
819 713 982 779 omnesque
1011 695 1083 762 illas
1110 697 1215 781 partas
1249 695 1367 778 quibus
1439 701 1441 824 Ι

251 820 372 870 summa
400 799 591 867 concluditur
619 815 779 883 corporum
809 799 957 865 discretas
985 817 1021 865 ac
1047 798 1185 883 singulus
1206 797 1366 864 contueri:
1440 825 1441 888 3

251 901 430 971 iamdudum
451 903 528 970 istos
551 901 698 968 rideretis
721 902 804 982 deos,
826 919 901 984 quos
924 902 1054 968 exterior
1075 901 1188 967 leuitas
1209 900 1367 966 lenocinio

251 1006 380 1094 fulgoris
401 1006 563 1090 augustat,
586 1004 804 1070 lamminarum
826 1003 973 1071 flatilium
1001 1022 1067 1070 esse
1089 1005 1200 1083 mama,
1222 1005 1368 1088 particu-

251 1110 351 1176 larum
382 1108 563 1194 coagmenta
595 1105 794 1188 deformium,
827 1107 867 1173 ab
888 1107 1047 1173 ruinarum
1068 1107 1188 1173 casibus
1209 1108 1244 1172 ot
1265 1106 1399 1172 discos

251 1213 380 1280 lutionis
401 1214 486 1280 motu
514 1210 717 1277 subscudibus
738 1212 770 1276 ot
792 1209 923 1289 catonis,
951 1209 1038 1276 uncis
1060 1213 1153 1293 atquo
1174 1209 1297 1276 ansulis
1320 1228 1369 1274 re·

252 1317 365 1384 tentari
405 1316 545 1398 interque
577 1332 681 1380 omnes
718 1314 803 1380 sinus
842 1312 1173 1396 commissurarumque
1204 1313 1370 1378 iuncturas

252 1418 413 1502 plumbum
434 1418 479 1483 ire
506 1416 658 1482 suffusum
681 1416 712 1483 ot
734 1415 883 1482 salutares
906 1435 1007 1482 moras
1029 1415 1187 1500 signorum
1208 1414 1371 1480 diuturni·
1440 1403 1441 1420 ³

253 1522 369 1588 tatibus
397 1519 597 1585 commodare.
630 1517 794 1596 biberetis,
823 1519 963 1602 inquam
991 1518 1173 1584 iamdudum
1196 1517 1279 1584 solas
1305 1518 1372 1582 sino

254 1623 406 1706 occipitiis
426 1621 529 1700 facies,
550 1639 659 1687 manus
674 1622 739 1688 sine
754 1621 913 1700 bracchiis,
929 1621 1142 1704 semiplenas„
1158 1626 1283 1688 uenires
1301 1641 1401 1688 cumn

254 1725 403 1793 lateribus
419 1723 605 1803 dimidiatos,
627 1725 803 1806 plantarum
817 1723 985 1808 inperfecta
999 1725 1140 1808 uestigia
1159 1725 1189 1790 et
1204 1728 1288 1808 quod
1305 1745 1373 1792 ma

255 1830 335 1896 xima
355 1829 451 1894 risum
466 1827 555 1906 forat,
578 1828 663 1909 parta
678 1827 797 1911 ligneos
811 1827 884 1893 deos
899 1846 935 1892 er
950 1847 1019 1906 una,
1043 1827 1076 1892 at
1090 1846 1126 1917 er
1140 1829 1239 1894 altera
1253 1846 1373 1909 saxeos,

254 1931 442 2015 inaequabili
464 1949 623 2015 corporum
652 1930 874 1997 constructione
896 1931 1076 1997 contractos.
1111 1949 1189 2014 quae
1211 1931 1240 1996 si
1262 1932 1374 2015 utiquo

255 2034 386 2118 perspici
407 2034 567 2100 obscurata
588 2034 654 2100 arto
675 2051 734 2098 non
748 2033 880 2116 quirent,
903 2034 954 2098 uel
968 2035 1036 2116 ipsa
1049 2050 1104 2098 uos
1119 2033 1228 2099 saltem
1245 2051 1329 2116 quae
1343 2036 1376 2100 in

256 2137 356 2203 modio
385 2137 447 2203 sita
475 2138 548 2204 sunt
577 2136 684 2202 docere
713 2137 806 2218 atqua
835 2155 957 2202 monere
986 2135 1170 2214 debuerunt,
1201 2154 1298 2220 agero
1321 2156 1402 2202 uoss

257 2241 336 2306 nihil
357 2241 389 2306 st
414 2241 492 2306 circs
513 2259 561 2306 res
591 2258 691 2305 cassas
719 2238 891 2304 officiorum
919 2239 1094 2324 impendero
1123 2239 1294 2307 uanitatss.
1329 2241 1375 2306 ita

257 2345 340 2410 onim
361 2360 421 2409 non
439 2343 553 2409 uidetis
569 2343 719 2427 spirantia
733 2343 807 2408 haec
821 2342 919 2426 signa,
941 2360 1070 2426 quorum
1085 2342 1209 2425 plantas
1224 2347 1258 2408 et
1273 2361 1376 2427 genua

257 2446 436 2531 contingitis
458 2448 489 2512 ot
512 2445 708 2510 contractatis
730 2448 862 2523 orantes,
885 2445 974 2511 modo
997 2446 1117 2512 casibus
1140 2446 1375 2512 stillicidiorum

256 2548 331 2628 labi,
352 2547 526 2632 putredinis
547 2547 637 2613 modo
660 2547 740 2613 caria
760 2548 908 2627 relaxari,
931 2550 967 2614 ut
989 2548 1147 2616 nidoribus
1170 2551 1264 2632 atque
1287 2549 1374 2616 fumo

257 2651 363 2718 suffita
384 2671 420 2716 ac
442 2650 615 2716 decolorata
631 2651 816 2736 nigrescant,
839 2651 1097 2733 quamadmodum
1117 2653 1211 2718 saecli
1224 2652 1405 2737 longiorisro

257 2754 374 2820 incuria
394 2754 522 2837 perdant
545 2753 609 2818 situ
632 2753 747 2836 species
770 2755 801 2819 et
823 2753 961 2838 robigine
984 2755 1244 2821 conuulnoreutur
1266 2761 1378 2822 orosa?

258 2857 318 2940 ita,
352 2857 494 2939 inquam,
527 2875 586 2922 non
619 2855 732 2921 uidetis
766 2855 834 2921 sub·
855 2856 987 2922 istorum
1019 2856 1257 2924 simulacrorum
1291 2861 1377 2924 cauis

121 3045 126 3052 .
261 2960 405 3026 stelioncs
433 2960 544 3025 sorices
566 2979 668 3025 mures
690 2961 867 3043 blattasque
888 2960 1041 3044 lucifugas
1063 2961 1241 3027 nidamenta
1262 2980 1377 3045 ponens

161 3060 270 3147 sraabl
295 3063 386 3144 atque
412 3062 565 3143 habitare,
596 3063 759 3146 spurcitias
788 3062 848 3128 huo
870 3080 975 3128 omnes
998 3063 1174 3147 atquealia
1194 3065 1304 3130 usibus
1328 3085 1377 3130 ao·

263 3165 454 3230 commodata
469 3167 643 3245 conducero,
659 3165 798 3232 semirosi
813 3166 943 3231 duritias
957 3167 1046 3250 panis
1063 3163 1203 3254 [pannis],
1224 3184 1294 3234 ossa
1309 3172 1332 3250 †
1346 3169 1406 3233 ins

262 3284 349 3351 spem
369 3267 477 3350 baca,
499 3285 615 3350 pannos
637 3268 815 3354 lanuginem
837 3268 993 3334 chartulas
1018 3269 1195 3336 nidulorum
1221 3271 1255 3335 in
1272 3272 1377 3338 molli-

297 3507 313 3559 1
331 3503 452 3558 diducere
473 3503 624 3560 Graecias.-
641 3504 765 3560 deducere
784 3507 811 3561 P
910 3506 928 3560 4
945 3509 1073 3575 angustat
1092 3507 1146 3561 Sub
1250 3508 1380 3562 flatilium

264 3589 333 3645 Sub.-
350 3589 476 3644 fleuilium
488 3591 515 3645 P
531 3590 662 3644 flebilium
674 3591 890 3650 Hildebrcredias
991 3594 1008 3648 5
1024 3608 1040 3645 a
1052 3592 1108 3648 Sub
1211 3593 1228 3647 6
1240 3593 1380 3648 subscudi-

263 3675 314 3730 bus
327 3675 389 3741 δαὶ),
400 3691 430 3728 r.-
443 3674 602 3730 subcudibus
615 3677 642 3730 P
725 3677 740 3730 l
754 3677 874 3746 interque
888 3677 953 3732 ceo.-
965 3678 1114 3747 intorques
1127 3679 1155 3733 P
1240 3679 1274 3734 10
1284 3696 1381 3734 manus

266 3763 323 3815 sino
339 3760 455 3816 brachiis
473 3761 642 3830 semiplenas,
664 3766 770 3817 neutras
787 3765 869 3834 culpo
1004 3765 1133 3818 iocosam
1149 3765 1277 3835 aquosi:
1295 3783 1381 3820 mam·

264 3863 321 3900 mas
338 3848 380 3901 cel
397 3850 471 3901 natas
489 3847 658 3903 intercidisse
675 3849 785 3902 aidetror
886 3850 919 3903 12
936 3849 997 3904 deos
1015 3849 1072 3904 aad
1088 3850 1317 3906 Heidebraaciius

265 3935 294 3986 at
306 3931 376 3988 Sub:
394 3936 437 3988 ate
450 3933 477 3987 P
504 3934 506 3941 '
578 3934 610 3988 13
622 3949 688 4002 quae
702 3933 773 3988 Sub.-
790 3950 843 4003 qna
854 3935 882 3989 P
977 3935 1011 3990 14
1022 3935 1164 3991 obscurata
1181 3937 1248 3992 Urs:
1263 3937 1381 3992 obscuri·

145 4037 148 4048 ¹
265 4019 332 4072 tatis
350 4018 376 4071 P
484 4018 517 4072 16
535 4033 620 4072 cassas
639 4018 708 4074 Sat.-
734 4035 825 4074 causas
843 4021 871 4074 P
980 4021 1013 4075 21
1031 4021 1086 4077 situ
1109 4023 1173 4078 Urs.-
1199 4023 1269 4077 situs
1287 4024 1318 4079 P
1434 4091 1435 4094 Ἴ

266 4103 350 4172 spacio
367 4103 423 4158 sao
516 4106 627 4174 speciem
644 4106 699 4158 situ
716 4105 857 4160 Herelius
950 4121 1023 4160 exesa
1040 4095 1071 4162 ia
1088 4125 1165 4163 raso
1255 4109 1290 4164 22
1310 4110 1382 4165 cauis

271 4188 335 4244 Gel:
352 4189 437 4244 causis
455 4191 482 4244 P
593 4191 627 4245 25
644 4193 739 4259 pannis
756 4207 798 4246 om
816 4192 869 4246 Sub
886 4193 966 4246 famis
984 4193 1060 4248 Sulca
1172 4197 1244 4252 iuter
1260 4198 1342 4266 panis
1358 4202 1382 4250 ct

266 4290 325 4329 ossa
340 4276 506 4331 intercidisse
523 4293 614 4331 carnes
631 4277 676 4331 cel
692 4277 777 4332 moade
794 4278 860 4346 quid
874 4284 958 4346 petar
975 4279 1091 4334 Zicbiies
1221 4282 1255 4336 26
1273 4287 1380 4353 stupam

272 4359 323 4415 Urs
349 4377 451 4429 specum
469 4363 606 4433 Riualitas
632 4378 718 4431 sepem
735 4363 764 4419 O.
781 4364 916 4418 Beothius
942 4364 1036 4435 dapem
1054 4366 1170 4422 Zicbius
1277 4368 1380 4439 dapem,

267 4447 382 4499 mactare
399 4446 515 4502 Zialius
616 4462 714 4515 pannos
732 4447 803 4504 Sub.-
819 4464 903 4503 annos
916 4451 943 4505 P
1043 4451 1160 4506 mollitia
1177 4451 1231 4506 Sub
