2916 5010
584 459 686 516 Liber
704 459 771 516 1111.
1171 462 1231 530 151

118 633 201 700 fecto
222 632 363 714 discetis,
385 632 527 716 quisnam
548 631 591 698 sit
613 634 688 698 dens
709 651 790 698 unus
811 632 863 698 nel
884 632 942 698 sub
964 650 999 699 eo
1020 631 1073 716 qui
1095 632 1235 716 plurimi,

118 737 174 820 qui
202 731 327 803 deesse
346 735 467 821 fingant
489 738 521 804 et
547 737 675 802 hnmani
704 736 827 825 generis
857 735 1087 820 inprudentiam
1114 736 1235 803 ludant.

118 815 301 906 iamdudum
324 858 378 905 nos
392 841 488 924 pudet
502 841 541 906 ad
556 861 626 906 eum
640 841 743 907 locum
757 840 871 918 uenire,
892 839 926 904 in
947 856 1006 922 quo
1021 840 1118 906 risum
1132 842 1236 906 tenere

118 945 181 1008 nori
194 945 324 1026 possunt
339 960 399 1009 non
413 945 536 1010 tantum
550 944 690 1028 puerculi
707 945 738 1009 et
753 960 902 1026 procaces,
925 961 1033 1008 uerum
1054 941 1150 1008 etiam
1165 943 1237 1008 serii

95 1049 213 1128 eatque
234 1046 268 1110 in
290 1046 352 1112 oris
371 1046 493 1112 taetrioi
508 1047 706 1131 asperitatem
722 1046 833 1112 durati.
855 1066 929 1112 nam
943 1065 1014 1112 cum
1029 1064 1048 1111 a
1062 1047 1237 1113 doctoribus

119 1165 226 1214 omncs
257 1149 369 1214 nostris
400 1148 591 1214 insinuatum
621 1149 826 1234 acceperimus
857 1151 889 1215 et
921 1149 1086 1228 traditum,
1118 1149 1153 1212 in
1184 1148 1237 1212 de·

120 1250 341 1317 clinationibus
363 1253 489 1317 deorum
502 1251 674 1334 ploratiuos
695 1269 837 1319 numeros
858 1270 919 1318 non
939 1270 1011 1331 esse,
1034 1250 1115 1334 quod
1136 1256 1238 1318 essent

120 1354 167 1420 dii
193 1355 324 1446 singuli,
352 1372 407 1420 nec
435 1355 639 1421 communiter
665 1355 711 1434 ire
739 1356 971 1440 perplurimos
999 1353 1238 1436 uniuscuiusque

120 1459 254 1524 nominis
282 1458 451 1542 proprietas
479 1459 595 1542 quiret,
624 1459 821 1525 immemores
843 1475 899 1524 uos
920 1458 997 1524 iacti
1019 1459 1051 1525 et
1071 1456 1238 1539 puerilium
1261 1443 1283 1529 J

82 1591 111 1630 10
121 1561 357 1645 disciplinarum
379 1561 585 1627 recordatione
607 1563 764 1644 consopita
780 1563 811 1627 et
826 1562 984 1645 conplures
1000 1560 1134 1626 subditis
1148 1576 1239 1624 uoca-

122 1664 206 1730 bulis
232 1664 332 1730 isdem
360 1666 430 1730 deos
453 1667 484 1729 et
506 1681 576 1730 cunr
598 1665 667 1730 sitis
689 1665 767 1730 alias
789 1665 821 1729 in
845 1683 950 1730 eorum
965 1681 1092 1729 numero
1114 1661 1238 1728 restric-

121 1768 230 1846 tiores,
259 1766 448 1850 multiplices
476 1785 527 1833 eos
554 1785 661 1833 rursus
687 1768 905 1853 cognominum
933 1767 1079 1834 societate
1107 1765 1239 1831 fecistis:

122 1889 218 1952 quam
250 1869 374 1951 quidem
407 1869 483 1934 olim
515 1871 635 1952 partem
664 1869 772 1934 indicii
800 1869 880 1938 acris
908 1869 970 1934 uiri
998 1870 1090 1952 atqm
1117 1867 1240 1954 ingenio

122 1973 291 2056 perspicaci
312 1974 379 2037 tam
402 1991 539 2037 sermone
561 1973 642 2038 Italo
665 1973 834 2054 explicuero
855 1990 949 2055 quam
965 1971 1089 2038 Graeco.
1119 1974 1150 2037 ot
1169 1972 1240 2036 dare

84 2075 212 2147 „nobis
234 2075 436 2158 conpendium
458 2075 608 2157 potuisset
630 2093 677 2140 res
699 2075 771 2154 ista,
794 2075 822 2138 si
842 2091 902 2140 non
924 2076 956 2139 et
977 2074 1097 2157 aliquos
1119 2074 1240 2142 rddere-

122 2197 193 2242 mus
221 2177 399 2242 litterarum
427 2195 491 2243 esse
518 2177 650 2243 istarum
678 2180 830 2260 expertes,
858 2179 890 2243 et
918 2177 1081 2243 institutus
1104 2197 1123 2244 a
1151 2178 1241 2243 uobis

123 2297 223 2346 sermo
250 2297 304 2344 noe
332 2297 450 2362 quoque
472 2279 668 2363 conpelleret,
692 2281 832 2346 nonnihil
854 2280 891 2346 do
912 2281 960 2346 his
983 2280 1074 2346 rebus
1097 2280 1240 2362 quamuis
1361 2298 1365 2306 ·

122 2382 162 2448 ab
184 2383 250 2446 illis
272 2385 430 2466 sumptum
455 2385 785 2466 commemoratumque
813 2384 997 2474 depromere.
1031 2383 1119 2449 aiunt
1140 2382 1289 2468 igituru

122 2486 259 2570 theologi
287 2487 383 2552 uestri
410 2487 441 2551 et
468 2485 633 2551 uetustatis
661 2486 855 2552 absconditae
880 2487 885 2574 Ι
910 2487 1097 2567 conditores,
1126 2485 1184 2552 tris
1205 2485 1323 2556 iucem

83 2609 226 2658 rorernm
254 2592 366 2656 natura
386 2590 476 2656 Ioues
506 2608 588 2673 esse,
623 2591 795 2672 exquibus
824 2609 903 2658 unus
928 2591 1061 2657 Aethere
1088 2589 1131 2654 sit
1152 2579 1249 2673 patre¹

122 2694 310 2778 progenitus,
343 2693 422 2760 alter
450 2692 548 2773 Caelo,
582 2693 694 2759 tertius
723 2711 795 2759 uero
826 2693 967 2772 Saturno,
1000 2694 1081 2775 apud
1105 2687 1254 2758 insulam

123 2795 248 2862 Oratam
270 2797 301 2860 et
323 2797 500 2878 sepulturae
521 2796 656 2862 traditus
678 2798 710 2861 et
731 2799 923 2881 procreatus:
947 2797 1083 2879 quinque
1104 2795 1189 2862 Soles
1211 2802 1242 2862 et

123 2899 292 2965 Mercurios
321 2901 469 2982 quinque,
498 2919 534 2964 er
556 2900 680 2982 quibus,
708 2902 745 2965 ut
767 2899 920 2979 referunt,
943 2898 995 2965 Sol
1017 2899 1136 2981 primus
1157 2899 1241 2964 Ionis

124 3002 208 3067 lilius
231 3002 345 3067 dicitnr
368 3003 399 3068 et
421 3002 565 3067 Aetheris
586 3002 727 3068 habetur·
740 3020 842 3085 nepos,
866 3003 1017 3068 secundus
1040 3020 1135 3083 aeque
1157 3000 1241 3065 Iouis

84 3107 156 3176 raet
176 3105 353 3189 Hyperiona
375 3105 515 3189 proditus
537 3105 702 3190 genetrice,
725 3105 837 3169 tertius
853 3103 1001 3184 Volcano,
1023 3121 1083 3170 uon
1102 3103 1240 3183 Lemnio,
1263 3189 1269 3194 ·

226 3241 259 3295 19
277 3255 335 3310 sqq.
353 3240 408 3298 Cic.
425 3240 457 3296 de
474 3243 529 3296 nat.
548 3241 618 3298 deor.
635 3241 660 3307 3,
677 3241 712 3294 53
728 3257 786 3309 sqq.

191 3361 209 3414 2
224 3361 271 3429 qni
289 3360 350 3416 deos
369 3361 440 3416 Sub.-
456 3362 519 3445 qnia
536 3377 580 3416 eos
598 3361 626 3415 P
726 3361 744 3414 3
761 3360 928 3430 iamdudum]
944 3361 1081 3431 tr'cropud
1102 3362 1242 3417 Octleram

123 3480 145 3520 c.
163 3469 197 3520 13
213 3465 311 3534 incipit
444 3464 463 3518 4
483 3464 601 3534 puerculi
620 3464 690 3519 oco:
716 3465 846 3532 puericeli
863 3465 891 3518 P
1025 3466 1043 3521 5
1059 3466 1113 3519 oris
1130 3466 1241 3536 scripsi.-

123 3565 209 3604 mares
226 3552 254 3605 P
274 3565 360 3604 mores
378 3549 434 3605 Sub
455 3549 537 3603 moris
554 3549 630 3605 Sulca
759 3549 867 3604 tetricia
885 3549 940 3605 Sub
1071 3550 1242 3619 asperitatem

124 3635 215 3691 Salm:
232 3636 375 3706 asperitate
386 3637 414 3690 P
514 3636 530 3690 9
542 3635 640 3706 quiret]
652 3635 737 3690 uerbo
748 3651 817 3704 quoe
828 3635 860 3690 ia
871 3635 1141 3706 caeterarumque
1157 3651 1241 3704 neque

124 3721 196 3775 enim
217 3721 275 3776 fieri
292 3738 338 3791 per
354 3737 442 3776 rernm
459 3723 581 3776 naturam
598 3723 693 3791 potest,
717 3722 748 3774 ut
766 3720 834 3788 quod
858 3737 941 3774 unum
964 3723 1005 3775 est
1027 3719 1077 3774 liat
1099 3721 1150 3774 dno
1168 3723 1195 3774 ct
1212 3721 1242 3774 in

123 3807 243 3860 diuersas
269 3823 309 3861 res
336 3809 378 3861 eat
406 3806 498 3860 unitas
526 3807 648 3876 ingenita
676 3805 849 3875 simplicitate
878 3805 964 3860 diuisa
990 3807 1043 3861 aaa
1073 3808 1243 3875 transposuit

128 3891 246 3947 Orellim
358 3891 424 3947 iacti
442 3892 512 3947 sao:
534 3891 588 3948 feci
606 3894 635 3947 P
746 3891 780 3945 10
798 3891 935 3961 consopita
958 3891 1024 3946 Ure:
1053 3893 1198 3961 composita
1215 3894 1244 3947 P

124 3977 241 4048 seposita
260 3977 311 4032 Get
423 3978 457 4033 13
473 3993 552 4048 qnam
571 3979 642 4032 Sub.-
660 3994 726 4047 quas
743 3979 770 4029 P
880 3977 948 4031 acris
971 3977 1037 4032 Ure:
1060 3993 1131 4032 acres
1149 3978 1177 4031 P

123 4063 231 4133 ingenio
249 4064 312 4131 Sub,
329 4081 359 4119 r.-
381 4080 427 4134 per
443 4064 551 4133 ingenio
569 4065 597 4118 P
698 4065 732 4119 18
748 4067 1028 4133 commemoratumque
1045 4064 1194 4133 depromere
1211 4063 1243 4117 in

28 4205 30 4208 ,
123 4165 205 4205 racc
310 4149 554 4218 commodatumqne
576 4149 628 4204 Ure
735 4150 768 4205 19
785 4149 915 4204 uetntatis
932 4149 960 4204 P
1065 4152 1121 4203 tres
1138 4150 1164 4218 (e
1182 4148 1243 4203 ecci

123 4237 195 4303 corr)
213 4235 242 4289 P
341 4235 377 4290 20
393 4236 467 4290 iones
483 4235 511 4290 P
612 4235 645 4289 21
667 4237 733 4305 aput
749 4235 777 4289 P
866 4224 991 4289 ‘insolam
1008 4234 1036 4289 P
1136 4233 1171 4288 22
1187 4249 1243 4288 sae·

123 4320 247 4390 pnltnrae
272 4321 302 4375 P
434 4320 469 4375 23
494 4320 611 4376 referunt
637 4320 702 4376 Get:
732 4321 859 4376 refferuut
884 4321 913 4373 P
939 4335 981 4374 res
1006 4320 1097 4374 ferunt
1121 4319 1176 4376 oco

123 4407 160 4462 24
176 4405 373 4462 aetherieScb:
391 4405 563 4461 aetherinsP
600 4455 606 4464 ,
664 4407 791 4461 secundus
803 4406 905 4475 Regina
916 4407 944 4459 et
954 4404 1104 4475 Hyperione
1120 4405 1242 4475 proditus

25 4471 40 4501 ⁸
124 4491 245 4562 genitore
263 4491 319 4548 Sed
419 4492 600 4562 negoriana
619 4492 654 4561 (it
665 4493 696 4547 iu
707 4494 734 4546 et
746 4508 808 4547 corr
820 4495 853 4561 ε’)
872 4491 900 4546 Ρ
