2950 5006
287 461 328 530 58
550 488 555 498 ·
585 457 732 513 Arnobii
759 459 915 514 aduersus
937 458 1092 512 nationes

286 631 446 698 Platonem
466 631 733 714 Pythagoramque
759 629 935 710 sectamini,
957 648 1072 712 uosque
1094 630 1225 706 ceteros,
1247 629 1301 712 qui
1321 630 1396 696 estis

287 735 377 802 unius
398 733 511 800 mentis
533 734 565 801 ot
585 753 639 816 per
660 735 784 800 modam
811 735 876 800 uias
898 733 1081 818 placitorum
1103 733 1245 800 mordibis
1267 734 1395 798 unitate.

287 838 406 904 audetis
427 837 526 904 ridere
541 854 606 914 nos,
629 835 709 918 quod
730 838 849 918 patrem
869 855 972 902 rerum
994 853 1030 902 ac
1042 836 1201 902 dominum
1215 855 1397 902 ueneremur

287 944 318 1007 et
339 941 467 1007 colimus
489 941 626 1023 quodque
647 939 697 1004 illi
723 940 869 1006 dedamus
891 941 922 1005 et
940 925 1159 1023 permittamus
1173 959 1240 1022 spes
1255 940 1395 1010 nesae

176 1059 179 1075 ¹
286 1043 361 1128 quid
381 1043 471 1111 Plato
492 1044 593 1108 uester
615 1043 648 1109 in
664 1043 840 1123 Theaeteto,
863 1044 899 1110 ut
921 1063 991 1110 eum
1012 1043 1209 1125 potissimum
1230 1042 1424 1120 nomineme

285 1165 383 1214 noune
405 1147 507 1214 animo
528 1146 633 1233 fugere
654 1148 763 1214 suadet
784 1167 801 1212 o
816 1147 907 1214 terris
920 1148 953 1212 ot
967 1146 1048 1214 circa
1062 1146 1153 1214 illum
1168 1164 1287 1227 semper
1302 1165 1396 1227 quan-

285 1251 355 1316 tum
375 1249 442 1316 fieri
462 1249 544 1334 potis
566 1251 614 1316 est
635 1251 821 1336 cogitatione
836 1270 874 1316 sc
888 1251 991 1316 mente
1007 1250 1142 1316 11111111
1163 1248 1282 1316 audetis
1297 1247 1396 1314 ridere

286 1372 357 1432 nos,
380 1355 460 1436 quod
480 1354 670 1420 mortuorum
692 1354 830 1422 dicamus
850 1353 1105 1420 resurrectionem
1127 1351 1276 1431 futuram,
1302 1370 1396 1434 qnam

285 1457 410 1540 quidem
430 1474 484 1522 nos
506 1456 605 1524 dicere
626 1456 806 1526 militemur
828 1456 880 1522 sed
901 1476 919 1522 a
939 1456 1027 1522 uobis
1048 1455 1141 1522 aliter
1162 1473 1257 1538 quam
1278 1455 1394 1520 sentia·

286 1579 354 1626 mus
382 1559 503 1625 audiri?
529 1559 603 1643 quid
624 1559 657 1624 in
671 1559 802 1624 Politico
822 1559 906 1626 idem
919 1560 1035 1626 Plato?
1056 1577 1155 1624 nonne
1177 1577 1248 1626 cum
1262 1558 1426 1624 mundusne

286 1664 435 1747 occeperit
457 1663 496 1728 ab
523 1661 656 1729 occiduis
682 1661 822 1745 partibus
850 1663 958 1728 exoriri
986 1662 1072 1728 etin
1094 1661 1252 1728 cardinem
1272 1679 1397 1746 uergere

286 1767 339 1850 qui
360 1767 486 1832 orientis
508 1768 556 1832 est
576 1767 659 1848 solis,
681 1784 786 1832 rursus
808 1767 971 1848 erupturos
992 1766 1131 1832 hominos
1153 1765 1275 1833 telluris
1298 1783 1397 1848 ogre·

284 1868 348 1935 mio
370 1869 477 1934 scribit
499 1887 584 1936 senes
606 1886 695 1934 canos
721 1868 890 1951 decrepitos
905 1871 937 1934 et
959 1887 1030 1934 cum
1054 1869 1126 1936 anni
1141 1868 1398 1951 cooporiutaeoe-

285 1973 355 2040 dere
376 1974 527 2057 longiores
553 1993 607 2056 per
640 1972 762 2038 eosdem
794 1973 906 2056 gradus
934 1972 1045 2054 quibus
1077 1971 1168 2038 hodio
1190 1971 1338 2038 crescitur
1359 1970 1399 2036 ad

280 2075 470 2142 incunabula
496 2076 643 2144 infantiae
671 2075 845 2143 desituros?
872 2075 991 2142 audetis
1014 2075 1113 2142 ridere
1134 2093 1204 2152 nos,
1227 2075 1307 2157 quod
1330 2074 1430 2140 ani-s

284 2198 405 2246 marum
427 2182 600 2246 nostrarum
622 2179 838 2263 prouidecmus
861 2179 955 2246 saluti
978 2178 1011 2244 id
1033 2180 1081 2244 est
1101 2179 1162 2260 ipsi
1184 2169 1295 2244 nobs?
1323 2177 1400 2260 quid

285 2283 367 2348 enim
382 2299 487 2348 sumus
508 2284 645 2350 homines
667 2283 727 2348 nisi
748 2283 869 2349 animae
890 2283 1065 2366 corporibus
1081 2283 1224 2348 clausae?
1246 2299 1300 2348 uos
1315 2283 1401 2348 enim

285 2406 346 2451 nou
368 2403 472 2451 omnes
494 2405 549 2468 pro
563 2385 689 2450 illarum
703 2385 811 2470 geritis
825 2385 1095 2452 incolumitatibus
1110 2389 1220 2452 curas?
1242 2403 1303 2450 non
1318 2385 1403 2468 quod

289 2488 376 2554 uitiis
398 2488 539 2553 omnibus
561 2491 592 2554 et
614 2488 834 2570 cupiditatibus
849 2489 1019 2569 abstinetis,
1042 2489 1143 2556 metus
1156 2488 1213 2554 illo
1227 2506 1282 2554 uos
1296 2487 1402 2568 habet,

287 2611 327 2658 ne
354 2591 442 2656 uelut
473 2590 644 2656 trabalibus
678 2590 774 2656 clauis
801 2590 893 2657 adfixi
915 2591 1090 2674 corporibus
1112 2584 1288 2657 haereatis?
1325 2592 1434 2674 quida

215 2694 339 2760 1341111
354 2694 413 2758 sibi
427 2693 537 2770 uolunt
551 2693 734 2758 secretorum
752 2691 757 2780 1
776 2695 889 2760 artium
903 2694 990 2778 ritus,
1009 2695 1119 2776 quibus
1134 2693 1283 2760 adismiui
1298 2695 1404 2760 nescio

289 2816 363 2880 quas
391 2797 573 2881 potestates,
601 2798 637 2862 ut
657 2797 720 2863 sint
742 2797 829 2862 uobis
855 2797 992 2879 placidas
1013 2794 1111 2880 usquo
1132 2797 1172 2862 ad
1193 2797 1280 2864 sedes
1301 2815 1404 2862 reme-

243 2897 412 2966 ldautibus
433 2900 549 2983 patrias
564 2899 722 2966 obstacula
736 2900 945 2983 impeditionis
960 2901 1135 2984 opponant?
1165 2900 1286 2966 audetis
1300 2901 1405 2967 ridere

289 3020 352 3086 nos,
375 3023 445 3068 cnm
467 3003 620 3086 gehennas
647 3003 778 3070 dicimus
800 3006 831 3068 et
852 3003 1104 3086 inextinguibiles
1131 3003 1280 3086 quosdam
1300 3004 1403 3088 ignes,

289 3106 323 3171 in
344 3125 418 3187 quos
441 3105 558 3171 animes
584 3106 662 3172 deici
683 3107 722 3172 ab
744 3126 849 3172 earum
874 3107 1013 3172 hostibus
1035 3107 1230 3190 inimicisque
1253 3109 1434 3192 cognoui-ss

289 3209 380 3272 mus?
402 3205 476 3288 quid
497 3205 588 3272 Plato
609 3207 692 3273 idem
713 3210 815 3273 uester
829 3208 862 3272 iu
877 3227 911 3272 eo
934 3208 1101 3288 uolumine,
1124 3209 1264 3292 quodde
1279 3210 1405 3278 animae

289 3308 511 3374 inmortalitate
537 3311 712 3394 conposuit,
746 3328 807 3376 non
827 3310 1046 3390 Acherontem,
1078 3329 1140 3378 nou
1168 3311 1311 3396 Stygem,
1341 3333 1406 3380 non

288 3411 436 3495 Cocytum
456 3412 566 3479 fluuios
588 3415 620 3478 et
640 3413 945 3498 Pyriphlegotoutem
967 3415 1120 3493 nominat,
1142 3416 1175 3480 in
1197 3415 1309 3497 quibus
1333 3418 1407 3482 aui-

288 3533 355 3580 mas
382 3516 549 3582 adseuerat·
565 3517 650 3582 uolui
683 3516 783 3601 mergi
819 3517 925 3582 111111
958 3518 989 3582 ot
1016 3518 1106 3584 homo
1133 3519 1314 3602 prudentias
1342 3537 1407 3586 neu

387 3738 404 3792 5
420 3752 445 3805 p.
464 3736 513 3790 rra
615 3735 649 3789 ro
665 3751 690 3804 p.
709 3733 762 3790 ero
861 3735 894 3788 rs
912 3734 1008 3790 11111.
1026 3752 1051 3804 p.
1071 3736 1121 3790 113

320 3961 400 4030 3qui
423 3959 477 4014 Scb
518 3977 520 3982 ·
611 3957 689 4011 deum
708 3957 762 4012 Sub
897 3957 1072 4012 bTheaeteto
1097 3958 1168 4014 Sabe
1194 3960 1287 4015 theate
1305 3961 1335 4016 P

287 4046 303 4098 6
321 4045 387 4100 adde
404 4045 486 4112 (cros)
505 4044 598 4098 suadet
614 4043 642 4098 P
811 4044 826 4096 7
843 4043 915 4112 potis
939 4043 1029 4099 Solem
1056 4046 1131 4114 potes
1149 4045 1177 4099 P
1196 4049 1259 4116 pote
1273 4047 1334 4102 Sub
1373 4071 1376 4078 ’

288 4131 322 4185 10
337 4131 375 4184 im
394 4131 421 4184 P
539 4129 571 4183 11
589 4129 717 4198 occeperit
736 4129 808 4184 Sub:
833 4130 961 4198 acceperit
978 4130 1007 4184 P
1122 4147 1231 4202 uergere
1249 4133 1319 4188 Sub:
1344 4153 1407 4190 uer·

287 4232 343 4271 cere
354 4216 381 4269 P
483 4217 515 4271 15
531 4215 660 4270 redituros
676 4215 728 4270 Urs
745 4216 861 4270 exituros
875 4216 951 4270 Salio
1053 4217 1086 4270 19
1103 4217 1263 4272 abstineatis
1276 4219 1332 4274 Sub

287 4301 322 4356 20
338 4300 486 4356 naualibus
499 4303 526 4355 P
615 4302 649 4355 24
666 4301 792 4369 quosdam
804 4301 873 4355 Sub:
889 4301 1017 4370 quasdam
1029 4303 1057 4355 P
1139 4305 1173 4358 118
1191 4304 1317 4374 Cocytum
1334 4307 1407 4362 Get.-

287 4391 404 4458 cocytcm
422 4388 449 4442 P
557 4387 784 4456 pyriflegetontem
802 4387 829 4440 P
934 4388 1062 4454 nominat,
1080 4389 1109 4443 in
1127 4389 1195 4444 Sub:
1224 4392 1361 4448 nominati
1379 4397 1409 4449 P
