2950 5006
594 461 735 514 Arncbii
758 459 920 516 aduersus
944 460 1100 514 nationes

249 725 252 736 ι
291 653 366 718 quas
387 635 491 699 nesta
512 634 640 698 arcear
661 633 744 698 arus
773 634 928 698 marum
953 632 1166 698 massanus
1188 631 1414 716 uorupaeuma

292 737 424 802 mundus
445 737 504 802 isti
526 737 558 801 1¹¹
580 753 639 819 (1110
661 736 789 820 degitis,
817 737 903 801 ouius
925 738 972 802 est
992 739 1048 802 aut
1069 737 1137 818 quis
1160 737 1225 802 sius
1247 737 1337 802 uobis
1361 739 1412 802 at-

292 840 404 906 tribuit
433 839 569 908 frueturn
590 840 867 921 possessionemque
892 840 1044 904 retinere?
1080 839 1165 920 quis,
1196 841 1232 902 ut
1253 839 1413 906 subiectas
1463 839 1464 928 t

180 1027 183 1037 k
291 962 339 1009 res
363 961 499 1022 cernere,
522 944 558 1008 ut
580 943 782 1022 contrectare,
812 942 847 1008 ut
869 941 1058 1008 considerare
1079 941 1223 1026 possetis,
1246 943 1412 1025 publicum
1463 929 1464 1012 ἦ

291 1047 376 1113 istud
398 1019 503 1112 lum'en
525 1046 631 1112 dedit?
652 1047 730 1128 quis,
753 1066 792 1111 ne
813 1047 873 1111 fixa
893 1045 1037 1130 pigrities
1059 1048 1183 1128 stupore
1197 1048 1413 1128 torpescerent
1432 1063 1464 1136 eq

292 1149 444 1215 elementa
471 1150 596 1228 uitalia,
627 1150 700 1214 solis
728 1149 817 1234 ignes
845 1149 1009 1214 constituit
1031 1149 1068 1214 ad
1091 1167 1195 1214 rerum
1216 1149 1414 1216 incrementa

290 1252 432 1318 futuros?
459 1253 554 1317 solem
576 1251 668 1316 deum
690 1271 760 1316 cum
783 1269 849 1316 esee
871 1252 1016 1331 credetis,
1040 1251 1228 1318 conditorem
1250 1252 1318 1318 eius
1342 1254 1412 1336 opi·
1463 1253 1464 1316 t

290 1354 437 1436 fiesmque
458 1373 517 1419 non
539 1353 709 1436 quaeritis?
731 1355 805 1418 tuna
827 1371 896 1418 cum
919 1354 1000 1437 apud
1021 1371 1077 1419 uos
1096 1356 1152 1420 dee
1166 1354 1217 1433 sit,
1241 1372 1301 1420 non
1318 1356 1412 1422 simi·
1463 1349 1464 1428 i

240 1458 364 1530 solitar
392 1459 469 1523 scire
498 1458 611 1522 curatis
642 1458 763 1542 genitor
789 1459 855 1522 sius
877 1458 908 1521 et
929 1457 1094 1522 fabricator
1115 1458 1184 1540 quis
1207 1456 1270 1524 cita
1307 1475 1412 1524 nonne
1463 1447 1464 1488 ³

291 1561 435 1645 cogitatio
458 1579 511 1626 uos
533 1560 617 1626 subit
639 1560 843 1642 considerare,
868 1561 1050 1642 disquirere,
1072 1559 1105 1625 in
1127 1560 1195 1626 cuia
1216 1563 1443 1642 possessionen

290 1663 463 1740 uersemini,
486 1665 555 1728 cuia
576 1664 608 1728 in
622 1682 655 1728 re
677 1664 755 1743 sitis,
779 1664 865 1729 cuius
887 1665 950 1730 ieta
971 1664 1013 1729 sit
1034 1683 1128 1746 quam
1150 1663 1291 1748 fatigatis
1314 1666 1411 1746 terra,
1463 1743 1464 1750 χ

290 1768 375 1832 cuius
407 1785 457 1831 aer
490 1767 547 1832 iste
579 1785 669 1848 quem
696 1766 787 1832 uitali
823 1767 1016 1850 reciprocatis
1047 1766 1172 1849 spiritu,
1210 1765 1298 1833 cuius
1330 1770 1411 1836 abu·
1463 1753 1464 1846 ἶ

289 1870 399 1935 tarnim
435 1869 585 1948 fontibus,
623 1869 709 1935 cuius
744 1870 876 1952 liquore,
913 1870 982 1952 quis
1023 1869 1184 1934 uentorum
1221 1870 1413 1952 disposuerit
1463 1857 1464 1924 Ϊ

216 1985 235 2036 f.
246 1988 276 2036 11
289 1973 428 2051 flamina,
466 1973 534 2055 quis
566 1973 697 2038 undosas
730 1973 948 2057 ermgitansrit
985 1973 1095 2052 nubes,
1129 1973 1198 2055 quis
1240 1969 1411 2060 salminum
1463 1975 1464 2056 t

289 2076 452 2159 frugiferas
474 2077 640 2158 potestates
668 2076 822 2142 rationum
850 2075 1037 2159 proprietate
1065 2075 1260 2142 distinxerit?
1293 2065 1464 2160 Apellea}

288 2179 376 2244 uobis
397 2179 494 2261 pluit,
517 2179 687 2245 Mercurius
708 2178 796 2243 uobis
817 2179 913 2261 pluit,
941 2177 1156 2260 Aesculapius.
1179 2181 1329 2246 Hercules
1354 2186 1412 2248 aut
1463 2203 1464 2266 q

289 2283 389 2347 Diana
418 2283 568 2347 rationem
596 2281 745 2347 imbrium
774 2283 1053 2364 tempestatumque
1082 2282 1257 2348 tinxerunt?
1295 2285 1326 2350 et
1351 2286 1412 2352 hoo

288 2384 354 2450 fieri
376 2384 428 2466 qui
449 2386 561 2466 potest,
584 2403 655 2448 cum
676 2384 710 2448 in
731 2384 844 2449 mundo
866 2383 1070 2467 profiteamini
1093 2403 1142 2450 eos
1158 2386 1246 2452 natos
1263 2388 1411 2470 certoque

288 2489 423 2571 tempore
445 2505 568 2554 sensum
591 2486 759 2570 adripuisse
781 2486 931 2552 uitatem?
953 2487 979 2552 si
1002 2489 1082 2552 enim
1098 2489 1245 2568 temporis
1267 2491 1411 2572 antiqui-

287 2593 353 2657 tate
386 2591 518 2657 mundus
546 2607 596 2656 eos
629 2590 785 2654 anteuenit
813 2589 844 2654 et
872 2590 1048 2672 priusquam
1072 2592 1137 2655 nati
1160 2591 1233 2656 sunt
1261 2592 1326 2656 iam
1351 2613 1445 2660 no-ac

287 2695 375 2760 uerat
396 2694 519 2778 pluuias
533 2693 793 2776 tempestatesque
808 2692 926 2771 natura,
949 2692 1069 2758 nullum
1085 2694 1182 2760 serius
1196 2695 1262 2759 nati
1278 2697 1411 2778 pluendi

288 2798 336 2862 ius
358 2797 471 2863 habent
496 2815 593 2878 nsque
620 2797 663 2861 eis
689 2796 821 2860 inserere
842 2796 1011 2860 rationibus
1039 2813 1071 2860 se
1098 2798 1228 2879 possunt
1254 2815 1332 2880 quas
1356 2801 1410 2865 in-

207 2985 209 2988 ·
239 2901 276 2964 ³1
289 2901 438 2965 uenerunt
459 2901 510 2964 hic
531 2900 581 2983 agi
604 2901 635 2964 et
656 2899 771 2964 maiore
792 2899 830 2966 ab
847 2900 975 2965 auctore
1001 2899 1137 2964 tractari.
1175 2917 1192 2964 o
1214 2901 1365 2981 mamma,
1391 2922 1410 2968 o

288 3023 407 3068 summe
428 3023 531 3068 rerum
553 3001 758 3067 inuisibilium
781 3004 967 3085 procreator,
990 3019 1007 3066 o
1029 3002 1096 3085 ipse
1115 3003 1237 3086 inuisus
1259 3005 1291 3069 et
1306 3007 1410 3074 nullis

287 3125 434 3188 umquam
456 3106 656 3190 conprehensa
680 3105 808 3184 naturis,
832 3105 950 3189 dignus,
973 3105 1085 3189 dignus
1107 3124 1138 3172 es
1158 3124 1239 3190 uere,
1262 3108 1288 3172 si
1311 3110 1464 3190 modun}

287 3210 318 3273 te
340 3209 468 3292 dignum
497 3208 621 3273 mortali
651 3208 814 3274 meandum
836 3215 882 3274 est
903 3225 967 3286 ore,
1001 3209 1051 3274 cui
1081 3208 1199 3291 spirans
1230 3211 1331 3276 omnis
1352 3213 1411 3281 in·
1463 3199 1464 3252 i

287 3311 489 3394 telligensque
516 3312 625 3376 natura
647 3313 678 3376 et
698 3311 811 3377 habere
833 3312 864 3376 st
886 3329 975 3395 agere
996 3330 1165 3393 numquam
1187 3312 1308 3381 desinat
1330 3333 1411 3399 gra-

286 3415 356 3492 tias,
379 3416 428 3481 eui
449 3416 516 3480 tote
543 3416 704 3480 conueniat
730 3415 796 3480 uite
823 3433 904 3497 genu
932 3414 1002 3480 nixo
1028 3415 1226 3495 procumbere
1247 3400 1280 3482 et
1302 3420 1410 3484 conti-

285 3518 388 3582 nuatis
402 3517 542 3602 precibus
558 3518 738 3600 supplicare.
759 3517 861 3601 pdma
881 3517 963 3582 enim
978 3518 1013 3582 tu
1029 3535 1121 3582 causa
1135 3536 1175 3601 ea,
1197 3521 1283 3586 locus
1297 3538 1410 3588 rerum

286 3639 321 3686 ec
344 3623 494 3704 spatium,
528 3620 761 3685 fundamentum
791 3621 969 3686 cunctorum
999 3639 1206 3703 quaecumque
1229 3623 1318 3705 sunt,
1354 3625 1448 3693 in-ee

318 3967 335 4020 3
360 3964 602 4036 possessionemque
631 3963 744 4016 retinere
771 3961 844 4017 aas:
870 3964 1072 4031 apcrrsesionsm
1102 3968 1194 4032 queret
1221 3965 1279 4019 inre
1306 3966 1334 4020 P

256 4050 484 4120 .5pigritiaeP
585 4049 823 4118 iopifieemqueP
924 4052 956 4104 11
974 4050 1069 4104 cui⁸P
1170 4053 1203 4105 12
1215 4051 1314 4120 spiritu
1331 4052 1410 4108 Ure.-

284 4137 397 4207 aspiritu
408 4137 436 4190 P
539 4136 571 4191 15
587 4135 742 4204 potestateis
755 4134 825 4190 occ.-
848 4136 989 4204 potsstatis
1001 4137 1028 4189 P
1130 4138 1294 4193 distineserit
1306 4139 1333 4190 P

285 4224 317 4278 16
334 4222 448 4277 herculis
467 4222 494 4276 P
600 4222 633 4276 18
651 4223 771 4289 cuteque
789 4220 816 4275 P
923 4221 955 4274 19
972 4221 1147 4289 antiquitate.
1160 4223 1188 4278 P
1288 4225 1322 4278 21
1339 4227 1412 4294 pln—

284 4309 342 4364 bias
355 4309 382 4362 P
392 4323 456 4362 corr
484 4359 487 4366 ,
523 4307 745 4375 tempestatesque
756 4306 784 4360 P
851 4305 885 4360 22
896 4304 1045 4362 rationibus
1062 4306 1126 4361 Get.-
1137 4308 1292 4363 nationibus
1305 4309 1333 4364 P

284 4395 318 4449 24
334 4394 421 4448 innisa
441 4392 491 4448 Get
542 4453 547 4462 ἡ
592 4392 626 4446 25
644 4392 834 4472 conpraehense
852 4391 879 4443 P
979 4391 1013 4446 29
1031 4393 1168 4461 praecibus
1186 4395 1213 4447 P
