2888 5008
555 498 654 553 niues
676 498 736 554 vn.
1102 562 1103 565 Ν
1138 501 1200 568 269

86 689 161 734 mur
182 672 213 735 et
233 671 347 738 neotius
368 672 508 754 quodque
527 672 572 738 rei
594 672 715 738 diuinae
736 691 824 738 suam
846 673 980 754 praestet
1001 674 1094 755 atque
1108 674 1202 739 attri-

87 773 167 837 buat
189 773 383 857 dignitatem.
418 792 454 839 ao
473 775 609 856 primum
630 793 685 841 uos
708 775 795 854 deos,
816 792 892 857 qnos
913 775 947 839 in
967 793 1070 840 rerum
1092 777 1202 842 nutura

86 876 141 941 uel
163 875 355 942 arbitramini
376 895 441 942 esse
463 878 515 943 uel
529 877 653 944 oroditis
668 895 857 960 quorumque
870 877 903 942 in
916 878 1042 961 templis
1059 880 1201 945 omnibus

87 978 256 1044 simulacra
277 979 483 1044 omstituistis
504 981 536 1046 et
557 980 686 1061 formas,
709 979 896 1064 profitemini
918 997 984 1044 esse
1005 981 1092 1046 natos
1113 982 1144 1046 et
1166 1001 1202 1047 er

57 1084 295 1148 amasoulorum
317 1081 561 1166 feminarumque
582 1083 749 1149 seminibus
772 1083 1009 1148 conuentionum
1027 1087 1228 1167 progenitosf.
1240 1088 1302 1140 152b

86 1185 170 1270 lege.
204 1189 238 1250 at
259 1203 331 1250 uero
352 1203 409 1251 nos
430 1186 548 1267 contra,
576 1186 603 1250 si
624 1187 715 1252 modo
736 1186 781 1251 dii
802 1186 879 1252 certi
900 1188 973 1251 sunt
998 1185 1003 1272 Ι
1027 1185 1201 1268 habentque

87 1287 182 1352 huius
210 1287 343 1352 nominis
377 1289 595 1354 auctoritatem
630 1289 800 1372 potentiam
833 1288 1037 1371 dignitatem,
1066 1289 1121 1354 aut
1152 1289 1201 1354 in-
1279 1353 1283 1364 ,

87 1390 209 1475 genitos
230 1409 295 1456 esse
321 1409 479 1484 censemus
502 1426 542 1439 -
564 1392 621 1456 hoc
642 1391 725 1458 enim
746 1391 927 1476 religiosum
949 1391 996 1457 est
1017 1391 1137 1456 eredere
1158 1420 1202 1440 -e

88 1493 193 1558 autri
214 1493 329 1558 habent
350 1494 527 1560 natiuitatis
548 1493 722 1574 exordium,
744 1493 795 1560 dei
816 1493 931 1560 summi
953 1495 1001 1560 est
1022 1494 1108 1576 seire,
1131 1495 1201 1577 qui·

43 1597 220 1661 rebursos
241 1594 412 1660 rationibus
434 1594 541 1660 fecerit
563 1595 618 1658 aut
638 1594 761 1660 saecule
781 1595 896 1676 quanta
918 1593 996 1673 sint,
1019 1613 1056 1658 sn
1076 1613 1136 1676 quo
1158 1595 1202 1660 cis

88 1699 242 1766 adtribuit
263 1698 499 1782 perpetuitatem
520 1698 569 1762 sui
590 1697 725 1762 numinis
739 1698 889 1762 inchoare.
920 1715 974 1763 uos
989 1697 1099 1762 habere
1114 1687 1221 1763 serus

87 1803 162 1868 deos
183 1802 319 1884 aliosque
339 1819 376 1865 on
390 1799 439 1864 his
453 1815 561 1882 mnes,
582 1800 725 1866 feminini
746 1800 868 1884 generis
882 1799 958 1866 alios
975 1818 1041 1865 esse
1054 1799 1201 1866 censetis:

86 1924 144 1971 nos
165 1904 318 1988 potentias
340 1904 467 1968 caelites
487 1904 634 1969 discretas
662 1921 726 1968 osse
753 1903 875 1968 sexibus
898 1903 1100 1986 abnegamus,
1127 1920 1202 1985 quo-

87 2010 175 2073 niam
205 2007 370 2073 discrimen
398 2006 574 2071 huiusmodi
603 2007 733 2071 terrama
765 2006 975 2072 animantibus
1007 2001 1115 2071 datum
1145 2011 1201 2085 eat,

45 2137 75 2176 15
87 2129 165 2194 quas
192 2109 286 2187 coire,
315 2127 393 2191 quas
417 2127 561 2192 generare
588 2109 695 2174 auctor
720 2109 822 2175 noluit
849 2127 952 2174 rerum
978 2108 1202 2174 substituendis

86 2230 144 2298 per
162 2213 322 2278 libidinem
343 2211 501 2294 prolibus..
521 2230 577 2276 uos
604 2211 764 2276 hominum
785 2210 1024 2277 similitudinem
1046 2230 1148 2295 gerere
1169 2213 1200 2276 ot

86 2317 268 2383 mortalium
283 2315 423 2379 uultibus
437 2314 621 2379 existimetis
637 2321 702 2380 es'se
716 2313 878 2379 formatos:
894 2332 949 2378 nos
965 2312 1082 2396 effigies
1096 2331 1199 2378 remur

87 2419 335 2485 submotasesso
355 2417 394 2482 ab
415 2417 465 2482 his
484 2417 589 2502 longe,
617 2417 763 2500 quonism
784 2417 884 2483 forme
905 2415 1043 2484 mortalis
1065 2417 1112 2481 est
1133 2425 1199 2482 cbr-

86 2522 188 2604 poris,
221 2521 252 2586 et
280 2521 307 2586 si
335 2519 414 2584 forte
448 2523 495 2585 est
529 2519 609 2600 ulla,
643 2521 895 2604 comprehendere
926 2519 1081 2585 nominem
1112 2537 1201 2602 posse

46 2623 288 2688 aoindubitabili
321 2623 549 2688 adseueratione
580 2623 726 2689 iuramus.
761 2643 781 2688 a
806 2623 895 2689 uobis
923 2621 1054 2688 artificia
1083 2621 1198 2706 singuli

87 2727 233 2810 opificum
253 2745 337 2792 more
358 2726 469 2792 habore
490 2726 708 2810 perhibenturr¹
725 2725 869 2806 ridemus,
895 2745 967 2793 cum
986 2725 1126 2792 audimus
1146 2741 1200 2789 nos

87 2831 160 2909 ista,
182 2831 327 2912 quoniam
348 2828 408 2894 diis
430 2833 511 2895 artes
531 2829 712 2896 necessarias
728 2830 869 2900 ducimus
884 2830 1127 2911 arbitramurque
1141 2847 1201 2894 non

88 2951 156 2999 erec
178 2933 210 2997 et
231 2951 285 2998 eas
304 2933 424 2998 constat
446 2935 478 2998 et
498 2932 651 3015 liquidum
673 2933 720 2998 est
747 2931 935 3016 paupertatis
965 2933 1005 2997 ad
1029 2931 1201 2996 subsidium
1211 2932 1252 2995 30

89 3035 277 3117 muneratas
312 3035 480 3104 discordiae
498 3035 576 3102 aiios
597 3050 633 3100 ex
654 3036 706 3102 hio
724 3053 793 3115 ucsq
815 3034 892 3100 alios
914 3035 1017 3100 dicitis
1038 3035 1092 3117 qui
1106 3034 1202 3118 pesti*

49 3137 201 3204 seleutias
223 3137 381 3220 inrogeut,
411 3138 490 3204 alios
508 3138 564 3220 qui-
584 3157 718 3218 amores,
747 3138 803 3221 qui
823 3139 932 3216 furias,
956 3138 1034 3203 aiios
1054 3155 1126 3203 uero
1148 3137 1202 3220 qui

87 3241 228 3324 praesint
254 3240 353 3305 bellis
372 3241 404 3306 et
430 3241 587 3326 sanguinis
614 3240 760 3306 offusione
787 3241 955 3306 laetentur:
988 3245 1021 3307 at
1048 3257 1121 3306 uero
1148 3257 1203 3306 nos

89 3343 203 3408 contra-
217 3343 256 3408 ab
277 3342 409 3426 ingeniis
431 3345 593 3408 numinum
614 3343 786 3410 iudicamus
808 3358 873 3408 esse
888 3379 921 3412 a*
942 3343 1125 3424 disiunctas,
1149 3345 1203 3409 aut

89 3445 117 3510 si
140 3447 213 3512 sunt
235 3445 287 3528 qui
308 3445 384 3510 insse
405 3447 489 3510 mola
514 3445 697 3511 miserrimis
723 3444 857 3510 inierant
886 3445 1098 3529 subiciaanuo
1119 3463 1201 3512 mor·

85 3547 221 3630 talibus,
250 3547 290 3613 ab
318 3548 444 3612 deorum
473 3547 685 3614 contendimus
713 3548 817 3631 procui
846 3565 911 3613 esse
935 3553 1047 3614 natura
1067 3567 1122 3614 neo
1144 3549 1201 3615 sub

50 3651 182 3716 subruas
201 3648 336 3717 nominis
357 3650 583 3733 praedications
605 3651 767 3732 ponendos
799 3649 893 3716 irasci
914 3652 946 3716 et
959 3652 1130 3734 perturbari
1144 3671 1199 3720 uos
1208 3670 1226 3722 r.
1237 3671 1285 3722 153

88 3753 217 3819 numina
239 3754 407 3837 ceterisque
428 3751 599 3818 animorum
621 3753 790 3818 adfectibus
809 3751 813 3838 Ι
831 3754 1007 3838 mancipata
1028 3757 1201 3838 essentque

90 3855 220 3921 obnoxia
249 3855 406 3922 iudicatis:
439 3873 493 3921 nos
521 3855 698 3921 huiusmodi
726 3857 829 3921 motus
851 3855 968 3922 alienos
990 3857 1199 3924 existimamus

123 4093 260 4146 i'naturn·
273 4092 344 4148 Scis:
369 4095 492 4148 naturam
509 4093 538 4148 P
653 4093 686 4148 15
704 4095 795 4162 quoire
811 4093 838 4148 P
952 4094 988 4148 20
1003 4093 1138 4150 fflmamus
1155 4095 1212 4150 abd·

89 4178 237 4233 iudicamus
260 4178 314 4233 Ure
468 4177 614 4250 medeas]
634 4189 676 4232 aas
697 4179 747 4234 Get
775 4178 845 4248 quod
862 4195 904 4232 aas
921 4180 967 4234 act
994 4189 1061 4249 qnos
1082 4168 1156 4235 Urs'
1184 4183 1191 4209 ³

90 4261 287 4318 24ssdiscordias
302 4261 366 4318 Uret
389 4263 579 4318 discordiarum
591 4265 621 4318 P
723 4265 757 4320 25
774 4265 839 4318 aiios
856 4275 917 4318 uero
930 4264 1002 4320 Sub:
1019 4265 1087 4319 alins
1099 4273 1160 4320 uero
1174 4263 1202 4321 P

90 4349 124 4404 26
145 4349 216 4418 uero]
240 4349 306 4402 haec
330 4350 391 4404 Uro'
521 4349 554 4404 27
574 4351 702 4406 domuum
718 4351 841 4420 Quoad.-
870 4351 1010 4406 uerborum
1028 4367 1097 4420 quoe
1114 4353 1199 4406 inter*-

90 4435 220 4490 mbos
238 4435 360 4504 primm
382 4434 495 4489 uidebor
519 4433 605 4500 fmtoao
627 4434 772 4490 discordias
906 4433 1037 4490 disiuncta
1058 4438 1199 4505 Caeteros,

97 4521 148 4576 Ura
248 4519 283 4575 30
299 4535 348 4574 nus
366 4520 392 4576 P
409 4536 502 4575 corre
