2950 5006
264 505 307 572 62
567 504 708 559 Aruobii
728 503 884 576 aduersus
906 503 1061 560 nationes

263 677 356 756 ratio,
387 694 439 759 per
461 694 553 758 quam
575 693 681 741 snmus
702 675 846 772 potiores,
856 676 1037 742 animalium
1059 676 1220 762 generibus
1242 676 1374 742 cunctis.

261 781 335 863 quia
355 779 441 846 uobis
465 779 620 845 domicilia
641 779 776 858 fecimus,
800 778 910 861 quibus
925 782 1076 863 possimus
1096 779 1241 846 hiemalia
1255 780 1373 864 frigora

263 886 294 949 εὴ
316 883 442 949 aestatis
471 883 649 968 flagrantias
672 883 808 949 enitare?
838 883 926 967 quid,
955 883 1126 950 animantia
1151 885 1252 950 cetera
1278 883 1373 950 huius

261 987 306 1053 rei
331 987 553 1071 prouidentiam
584 1005 643 1052 uon
672 986 806 1052 babent?
838 1003 937 1052 uonna
965 986 1027 1051 alia
1054 985 1205 1051 caruimus
1227 987 1373 1067 opportu-

260 1090 396 1156 nissimis
417 1089 540 1155 sedibus
561 1088 682 1154 nidulos
704 1089 764 1154 sibi
786 1089 968 1169 mnsuuere,
991 1085 1164 1156 mansiones
1180 1087 1242 1153 alia
1256 1107 1273 1154 e
1288 1089 1372 1154 saria
1395 1114 1408 1152 a

258 1192 439 1276 stropibus
462 1194 565 1284 tegere
588 1194 619 1258 et
641 1193 827 1258 communire
849 1193 1019 1275 suspensis,
1047 1209 1189 1258 ercauare
1218 1189 1282 1256 alia
1308 1191 1372 1256 tel·

242 1297 337 1362 'luna
358 1297 422 1362 sola
444 1298 474 1361 et
495 1295 527 1360 iu
549 1293 739 1362 fossibilibus
761 1295 857 1361 fousie
878 1295 1032 1362 tutamina
1056 1295 1180 1359 sibimet
1202 1296 1233 1358 at
1254 1293 1373 1360 cubilia

259 1401 459 1482 praeparare?
487 1397 593 1480 quodsi
615 1397 773 1463 ministras
795 1415 904 1464 mauns
925 1397 989 1464 illis
1012 1385 1107 1464 eti'am
1128 1396 1238 1462 donare
1260 1414 1373 1480 parens

259 1504 368 1567 natura
390 1500 547 1578 uoluisset,
570 1499 742 1566 dubitabile
757 1518 816 1565 uon
831 1500 919 1579 foret,
942 1500 1016 1583 quin
1031 1499 1145 1582 etipsa
1160 1500 1373 1566 construerent

257 1604 413 1669 moenium
428 1604 491 1668 altu
505 1603 632 1687 fastigia
646 1605 678 1668 et
691 1603 872 1670 artificiosas
887 1603 1069 1669 excuderent
1083 1603 1244 1669 nouitates.
1264 1604 1372 1668 tamen
1382 1629 1408 1670 u

256 1708 289 1773 iu
311 1707 360 1772 his
381 1706 456 1788 ipsis
479 1725 555 1789 qnae
577 1706 684 1772 rostris
706 1710 797 1789 atque
819 1706 975 1792 unguibus
996 1706 1125 1785 faciunt,
1147 1706 1248 1771 multa
1269 1707 1373 1772 inesse

257 1811 460 1894 conspicimus
494 1809 622 1874 rationis
650 1810 681 1874 et
709 1809 879 1893 sapientiae
911 1810 1087 1890 simulacra,
1122 1827 1199 1891 qnae
1231 1809 1373 1874 homines

256 1913 372 1977 imitari
395 1912 481 1978 nulla
502 1913 703 1979 meditatione
716 1914 880 1997 possimus,
904 1913 1045 1995 quamuis
1067 1913 1130 1978 siut
1143 1911 1231 1977 nobis
1245 1911 1372 1996 opifices

212 2015 368 2081 ltmanns
401 2018 491 2098 atquc
524 2017 607 2081 omui
641 2036 750 2102 gauere
778 2017 970 2099 perfectiouis
1000 2015 1140 2081 artificas.
1173 2017 1291 2081 uestem
1313 2017 1373 2081 illa

165 2172 167 2180 .
257 2137 317 2184 nou
338 2120 462 2196 norunt,
492 2118 582 2184 sallas
604 2138 697 2185 uanos
719 2121 810 2203 atquo
832 2122 932 2185 aratra
953 2119 1133 2203 eoupiugsre
1161 2137 1217 2184 uso
1237 2118 1404 2201 daniqnau

256 2221 481 2304 superlectilem
503 2223 636 2287 ceteram
658 2240 749 2306 quam
769 2222 933 2289 familiaris
952 2241 1024 2288 usus
1039 2213 1181 2303 exposcit.
1214 2239 1273 2286 non
1295 2222 1371 2286 sunt

253 2325 317 2389 ista
348 2322 493 2388 scientiae
524 2341 651 2388 munera
680 2324 732 2389 sed
761 2325 972 2408 pauperrimae
1004 2323 1194 2390 naoessitatis
1227 2323 1369 2390 iuuenta

255 2444 350 2508 nequa
376 2444 446 2491 oum
474 2425 585 2491 animis
607 2427 686 2492 artes
709 2427 786 2492 caeli
808 2447 843 2494 er
864 2427 1071 2510 penetralibus
1094 2426 1284 2506 cecideruut,
1313 2427 1371 2493 sed
1457 2437 1458 2494 l

255 2528 422 2611 exquisitae
444 2528 476 2594 et
497 2531 584 2594 natae
612 2531 739 2596 suntin
762 2530 851 2596 terris
879 2531 928 2596 hic
955 2549 1059 2596 omues
1081 2532 1112 2596 et
1133 2548 1203 2594 cum
1224 2547 1371 2613 processu
1456 2537 1457 2593 l

139 2628 263 2716 ,stobi
288 2633 460 2714 temporum
488 2632 639 2712 paulatim
666 2632 865 2698 meditatione
895 2632 1050 2699 conflatas.
1084 2633 1192 2715 quodsi
1219 2632 1403 2698 haberentue
1455 2637 1456 2695 l

254 2733 395 2799 amentias
423 2734 561 2814 animae,
596 2753 670 2817 quaa
698 2754 795 2819 genus
823 2736 941 2802 scilicet
969 2735 1078 2800 habere
1105 2735 1246 2800 diuinum
1274 2737 1370 2819 atque
1454 2731 1455 2795 l

229 2835 426 2927 immortale
458 2837 643 2921 condignum
671 2839 732 2918 est,
766 2839 804 2904 ab
836 2839 925 2904 initio
958 2839 1095 2904 homiues
1128 2839 1231 2905 cuncti
1262 2838 1371 2904 omnia
1453 2831 1454 2895 t

252 2937 365 3004 scireut
392 2957 447 3004 uso
474 2941 631 3006 saeculnm
659 2943 737 3006 esset
769 2942 885 3021 ullum,
919 2941 1000 3023 quod
1025 2942 1100 3006 artis
1122 2943 1202 3006 esset
1223 2942 1370 3026 ignarum
1452 2911 1453 2995 t

253 3041 382 3108 alicuius
405 3045 581 3108 antrorum
603 3044 789 3126 experientia
816 3062 875 3110 nou
897 3045 1048 3127 paratum.
1082 3062 1163 3108 nnnc
1184 3061 1255 3109 nero
1277 3044 1370 3128 inops
1451 3027 1452 3095 l

252 3145 319 3210 uita
341 3136 371 3210 a't
393 3147 561 3211 multarum
583 3147 723 3231 indigena
745 3166 847 3213 rorum
870 3147 998 3213 fortuita
1013 3147 1200 3229 conspiciens
1215 3147 1403 3230 quaedamst
1450 3121 1451 3198 t

252 3249 443 3315 commodule
464 3250 632 3333 proconiso,
656 3250 730 3315 dum
745 3251 887 3316 imitatur
909 3250 1064 3334 experitur
1078 3251 1110 3315 et
1123 3251 1265 3333 temptat,
1288 3250 1370 3317 dnm
1447 3209 1450 3298 4

251 3351 368 3418 labitur
388 3351 535 3417 reformat
556 3353 718 3435 immutat,
742 3372 777 3417 er
799 3353 928 3418 adsidua
948 3353 1178 3435 reprehensione
1200 3371 1308 3436 paruas
1336 3358 1371 3421 et
1447 3305 1449 3397 ¹

252 3454 446 3520 concinnanit
473 3455 647 3520 scientiolas
669 3455 782 3520 artium
805 3457 836 3520 et
857 3455 897 3522 ad
918 3475 1014 3522 nuum
1036 3455 1152 3522 exitum
1174 3453 1369 3540 temporibus

285 3744 302 3797 5
330 3745 435 3799 nidulos
461 3744 575 3812 scripsi.-
604 3741 754 3796 nidulorum
781 3742 809 3796 P
920 3745 1088 3798 ¹construere
1117 3745 1278 3810 mansiones,
1307 3747 1369 3801 alia

250 3830 336 3899 culpo
469 3829 523 3882 alia
540 3844 553 3882 e
571 3830 681 3898 europei.-
707 3829 776 3883 aliae
792 3828 820 3882 P
842 3828 897 3883 alia
915 3829 970 3885 aab
1105 3831 1175 3884 saris
1193 3848 1220 3886 re
1241 3832 1293 3887 Ura

252 3917 267 3970 7
284 3915 420 3971 fossilibus
439 3914 493 3969 Sub
617 3914 724 3968 sibimet
741 3915 809 3970 Sat.-
826 3917 904 3970 simet
916 3914 943 3969 P
1060 3917 1076 3969 9
1094 3919 1275 3972 construerent
1297 3919 1367 3976 001.-

251 4002 456 4061 coustrueretP
574 4002 608 4056 10
630 4002 785 4058 artificiosas
807 4021 837 4057 r.-
862 4003 1004 4059 mtificicsa
1021 4004 1049 4058 P
1165 4006 1287 4060 nouitate
1306 4009 1365 4065 aaa

249 4088 370 4142 uanitate
386 4088 437 4143 Ura
533 4087 715 4156 rapueramus
728 4089 784 4144 Sub
879 4091 912 4145 14
923 4091 1078 4160 omnigenae
1094 4089 1146 4145 Ura
1238 4093 1365 4162 18pane-

249 4174 391 4230 trabilibus
409 4173 464 4228 aab
481 4175 591 4228 corrice
608 4189 653 4228 aar
754 4177 786 4229 21
805 4175 929 4230 scientias
948 4175 1017 4230 Sub.-
1044 4175 1143 4229 sautius
1161 4176 1189 4230 P
1289 4179 1365 4234 scili·

248 4262 291 4314 cat
302 4260 411 4329 ammai:
424 4262 450 4313 et
461 4260 489 4314 P
500 4276 541 4315 om
557 4260 606 4315 aar
616 4275 692 4314 nossa
704 4263 731 4314 at
747 4261 883 4316 Vaccaeos
955 4261 989 4316 23
1001 4263 1071 4315 asset
1083 4259 1146 4329 aaa,
1158 4277 1188 4316 r.-
1200 4279 1254 4317 esse
1266 4264 1293 4320 P

250 4345 328 4400 illum
340 4347 367 4402 P
378 4361 439 4403 corr
451 4362 464 4401 o
565 4349 634 4400 asset
647 4346 711 4411 Sub,
723 4363 753 4399 r:
766 4362 821 4400 esse
831 4347 858 4400 P
