2950 5006
605 489 705 544 Liber
726 487 747 543 L
1189 492 1233 557 45

120 663 166 730 ad·
181 662 258 730 caeli
279 661 445 728 sustollitis
466 661 575 740 sidcis,
598 661 863 744 bybliothecarum
885 661 1031 742 reponitis
1053 661 1087 726 in
1103 662 1232 740 arcanis,

120 765 279 850 quadrigis
301 765 334 831 et
353 764 466 832 statuis
488 763 692 830 muneremini
706 765 738 828 et
752 765 900 846 quantum
917 766 965 829 est
983 764 1015 830 in
1037 763 1124 829 uobis
1145 765 1234 830 uelut

120 867 252 952 quadam
267 867 448 934 aeternitate
462 867 587 934 donabs'
596 866 805 932 inmortalium
821 867 1037 933 testificatione
1051 867 1229 934 titulorum:
1244 851 1250 865 ’

120 973 220 1038 solnm
234 970 392 1037 Christum
414 969 595 1053 conpellare,
618 969 791 1049 disserere,
814 969 1100 1060 potentissimum,
1123 970 1231 1048 uultis,
1277 1009 1287 1026 .

99 1075 215 1140 cimmo
237 1075 337 1140 solnm
359 1073 386 1138 si
408 1074 500 1139 liccat
522 1072 682 1138 beluarum
704 1073 875 1156 agrestium
896 1073 962 1137 ritu
983 1073 1115 1138 cruentis
1129 1073 1232 1164 oribus

118 1179 271 1262 mandere,
288 1177 485 1243 comminutis
500 1196 571 1242 cum
585 1176 705 1244 ossibus
720 1179 923 1242 transuorare.
954 1177 1105 1258 quodnam
1122 1194 1232 1259 quaeso

118 1280 157 1345 ob
188 1281 337 1346 meritum
368 1280 475 1359 dicite,
508 1281 593 1344 cuius
625 1279 662 1345 ob
694 1279 811 1362 peccati
844 1279 987 1362 culpam?
1023 1279 1096 1361 quid
1128 1279 1167 1345 ab
1197 1298 1232 1345 eo

119 1383 306 1450 conmissum
329 1383 392 1464 est,
420 1383 501 1465 quod
528 1383 666 1448 tenorem
688 1381 858 1448 inflecteret
880 1383 957 1448 recti
979 1383 1064 1447 etin
1086 1382 1156 1448 odia
1177 1399 1232 1448 uos

119 1505 225 1570 aspera
238 1482 409 1552 furialibus
419 1485 555 1554 stimulis
570 1486 758 1552 concitaret?
780 1488 852 1569 quia
873 1487 1046 1552 animarum
1061 1491 1231 1554 uestrarum

85 1619 111 1659 ιο
120 1591 277 1656 cmtodem
299 1608 332 1654 se
353 1590 485 1655 missurn
507 1590 571 1655 solo
593 1589 744 1655 indicauit
766 1590 804 1655 ab
827 1609 907 1674 rege,
931 1591 1003 1672 quia
1017 1590 1103 1654 uobis
1118 1591 1232 1655 inmor-

113 1694 275 1761 talitatem
296 1695 384 1772 ferre,
408 1714 501 1778 quarn
523 1712 578 1760 uos
591 1695 704 1761 habere
726 1695 880 1760 confiditis
902 1695 1044 1760 humanis
1065 1712 1232 1777 paucorum

118 1798 399 1864 adseuerationibus
432 1797 537 1863 suasi?
570 1796 678 1880 quodsi
711 1799 792 1862 essct
818 1799 900 1881 apud
926 1815 981 1862 uos
1009 1799 1127 1863 certum
1153 1796 1233 1862 falsa

117 1901 210 1966 illum
238 1901 353 1978 dicere,
387 1905 456 1982 spes
484 1900 579 1965 etiam
606 1901 789 1966 uanissimas
811 1901 967 1984 polliceri,
1001 1918 1056 1966 nec
1078 1899 1122 1966 sic
1144 1899 1232 1964 uideo

117 2003 213 2069 luisse
235 2022 372 2083 causam,
406 2021 458 2068 cur
480 2022 550 2068 cum
573 2003 723 2069 deberetis
746 2003 859 2082 odisse,
889 2023 943 2068 cur
963 2003 1070 2070 hostili
1092 2001 1232 2068 animad-

85 2105 256 2171 1snersione
284 2105 445 2186 damnare,
477 2105 573 2170 immo
595 2105 622 2169 si
651 2105 772 2170 animus
800 2107 888 2171 uobis
908 2106 1044 2172 clemens
1067 2106 1178 2171 fuisset
1201 2107 1232 2170 et

118 2209 221 2289 mitis,
254 2208 305 2274 uel
325 2209 449 2291 propter
470 2207 503 2272 id
525 2201 626 2274 eblum
653 2227 724 2274 eum
749 2208 899 2274 deberetis
925 2207 929 2294 Ι
956 2209 1116 2293 amplecti,
1150 2209 1315 2291 quodnaeb

118 2311 268 2396 optabilia
299 2311 386 2376 uobis
419 2311 580 2393 sponderet
613 2312 644 2375 et
670 2329 823 2394 prospera,
857 2313 936 2394 quod
968 2314 1116 2378 bonarum
1150 2311 1239 2394 osset*

118 2411 245 2478 nundus
267 2432 379 2490 rerum,
404 2414 484 2495 quod
506 2432 541 2478 ea
562 2413 750 2497 praedicaret
770 2433 847 2497 qnae
869 2413 984 2478 nullius
1006 2414 1146 2479 animum
1167 2415 1231 2480 iae-

119 2516 233 2594 derent,
256 2515 414 2580 securioris
430 2516 599 2598 quinimmo
616 2517 832 2598 expectationis
847 2517 1018 2599 implerent.
1042 2517 1280 2604 cinguntumbt

52 2681 54 2683 ,
83 2620 150 2684 met
170 2617 301 2700 impium
323 2618 495 2698 saeculnm,
518 2636 535 2683 o
558 2619 590 2684 in
613 2620 767 2702 priuatam
789 2620 955 2702 perniciem
973 2620 1145 2686 incredibili
1160 2638 1230 2702 pec·

117 2721 194 2788 toris
215 2720 417 2787 obstinatione
438 2724 592 2804 paratum.
616 2723 643 2786 si
665 2721 775 2804 aliquis
797 2723 835 2787 ad
857 2740 911 2787 nos
932 2723 1068 2788 medicus
1090 2741 1125 2787 ex
1145 2741 1231 2788 snm-

117 2824 211 2890 motis
224 2825 357 2890 uenisset
372 2825 403 2888 et
417 2843 585 2907 numquam
599 2825 687 2890 uobis
706 2825 880 2910 regionibus
896 2825 1027 2910 cognitis
1042 2826 1232 2890 medicamen

116 2927 264 3010 pollicens
290 2927 354 2992 tale
387 2927 467 3009 qnod
489 2947 507 2992 a
529 2927 641 2992 uestra
669 2928 844 3010 corporibus
871 2928 975 2994 omnia
1007 2929 1130 2993 omnino
1160 2946 1231 3011 prc-

116 3031 236 3097 hiberet
258 3030 434 3096 morborum
454 3031 486 3098 et
507 3029 721 3096 ualetudinem
743 3049 868 3115 genera:
891 3049 951 3096 non
969 3032 1111 3096 certatim
1127 3049 1230 3096 omnes

81 3135 329 3212 rememoratis,
361 3151 427 3199 non
453 3133 616 3201 blanditiis
649 3134 791 3200 omnibus
822 3137 914 3216 atque
942 3134 1108 3199 bonoribus
1130 3134 1231 3199 fotum

117 3237 283 3304 familiaria
306 3236 499 3320 susciperetis
521 3238 554 3302 in
575 3237 708 3316 moenia,
731 3255 791 3302 non
812 3237 891 3302 illud
906 3238 1119 3302 medicaminis
1135 3255 1231 3320 genus

116 3341 263 3424 optaretis
295 3359 360 3404 esse
392 3341 616 3423 certissimum,
649 3359 708 3406 non
741 3360 864 3417 uerum,
898 3339 978 3422 quod
999 3341 1153 3404 immunes
1176 3355 1230 3402 uos

116 3443 180 3508 iore
202 3444 240 3508 ab
263 3443 330 3508 tam
350 3442 520 3507 innumeris
535 3443 747 3532 nexaiionibus
762 3460 922 3524 corporum
937 3461 1033 3524 usque
1048 3443 1087 3506 ad
1102 3442 1230 3506 ultimos

116 3546 193 3611 fines
214 3545 375 3629 sponderet
396 3545 529 3611 astabis?
562 3547 593 3610 ct
613 3546 854 3634 licetambigua
882 3563 930 3610 res
958 3547 1053 3624 esset,
1087 3544 1229 3609 commit-

151 3819 167 3872 1
184 3815 394 3886 bybliotecarum
412 3814 438 3870 P
572 3815 590 3869 4
612 3813 759 3869 conuellere
781 3813 833 3869 Urs
966 3799 1122 3868 vdilace'rsare
1139 3813 1167 3867 P

116 3902 258 3958 dilacerare
270 3902 389 3972 potestis.
404 3902 428 3954 si
439 3899 517 3956 deum
526 3901 599 3954 Sub:
613 3901 731 3955 correxit
744 3899 818 3954 Scine
887 3901 904 3955 5
917 3900 1053 3954 ueluarum
1065 3900 1092 3952 P
1103 3915 1164 3953 corr

114 3991 206 4044 ceum
216 3989 363 4044 Memmius
452 3986 579 4054 rqurcr
668 3973 827 4040 retensum
840 3987 867 4040 P
951 3987 983 4040 17
996 3985 1165 4040 censear>

115 4073 365 4130 19seecuriores1³
465 4071 604 4140 implerent
620 4072 732 4140 scripsi.-
759 4071 883 4141 impleret
901 4073 929 4126 P
1029 4071 1063 4126 20
1080 4069 1231 4126 incredibili

115 4161 186 4216 acb.-
207 4159 360 4214 incredibile
377 4159 405 4212 P
535 4156 569 4209 21
588 4160 710 4225 paratum
731 4158 799 4212 Urs:
828 4157 963 4227 pduatum
980 4157 1008 4211 P
1029 4173 1140 4228 pronum
1167 4156 1231 4211 Oct:

114 4248 243 4302 lacuum
265 4247 373 4315 Quare
395 4243 497 4299 mauolt
518 4242 631 4298 Ziakius
733 4245 767 4300 23
778 4243 902 4312 pollicem
915 4244 943 4297 P
1042 4243 1076 4297 24
1086 4259 1123 4312 sq.
1142 4258 1230 4297 omnes

115 4332 289 4388 accurreretis
300 4346 355 4385 non
366 4347 409 4385 om
422 4329 476 4386 aab
568 4328 743 4384 adblandiens
756 4331 881 4384 Pcorrc
974 4329 1007 4384 28
1020 4329 1163 4398 achcrr

114 4418 243 4474 inumeris
262 4419 290 4473 P
307 4432 399 4473 corre
