2888 5008
598 505 698 560 nicer
721 505 781 560 vn.
1182 490 1244 574 251

131 676 306 760 pariterque
325 695 399 742 cum
417 676 470 742 bis
492 676 575 759 porci
590 695 680 768 sensu
699 675 802 758 aliquo
816 675 1022 740 humanitatis
1037 675 1159 760 accepto
1174 678 1246 742 deo's

131 779 274 864 putarent
296 782 389 864 atque
411 779 622 846 existimarent
643 797 698 844 uos
714 798 779 868 esse
794 797 938 862 sacraque
952 779 1038 845 uobis
1054 778 1247 844 intenderent

130 877 257 948 honoris
277 883 480 966 ergo-iacere,
503 901 562 947 non
583 903 622 948 cr
643 881 873 948 materiisaliis
889 882 1072 964 aliisquede
1087 882 1178 947 rebus
1193 881 1248 946 sod

131 985 248 1068 quibus
260 985 424 1051 alimeris
447 985 579 1052 catillis
595 986 630 1050 ct·
640 985 981 1067 naturaliddpetitione
995 983 1120 1050 fulcirir'
1135 984 1247 1049 audire

110 1107 150 1152 ca
170 1088 259 1154 nobis
288 1089 492 1172 exposcimus,
519 1088 775 1153 utrdmndhuuc
792 1088 947 1153 '‘honorem
968 1088 1248 1152 au²¹cbniumeliam

130 1191 235 1274 potius
268 1201 334 1257 esse
366 1191 544 1256 iudicaretis
575 1191 832 1274 amplissimam*
851 1196 935 1256 cuin
949 1190 1130 1254 hirundines
1152 1189 1247 1254 ¹uobis
1339 1228 1351 1245 .-

130 1313 263 1372 muscas,
286 1294 462 1360 motacillae
484 1281 645 1359 caederent
665 1289 936 1376 consecrarentque
959 1292 1161 1373 formiculas,
1178 1311 1248 1356 cum

131 1397 281 1464 altaribus
303 1398 417 1463 nestris
439 1397 546 1462 darent
567 1398 645 1463 asini
667 1397 796 1464 faenum
818 1397 981 1480 paleasque
1004 1397 1152 1476 libarent,
1175 1402 1246 1460 cum

131 1500 312 1585 inponerent
341 1505 527 1566 canes'ossa
554 1500 738 1568 'et-humani
766 1501 908 1568 stercoris
928 1501 1103 1584 prolnuiem
1126 1506 1248 1565 conore2

96 1604 263 1682 comerent,
294 1623 364 1670 oum
387 1603 604 1669 adultimum
623 1601 744 1686 porculi
770 1618 898 1671 caenum
919 1605 1011 1669 uobis·
1028 1603 1249 1688 profunderent
1285 1637 1286 1640 ¹

131 1724 167 1770 ex
188 1705 362 1772 uolutabris
384 1706 588 1786 horrentibus,
612 1706 723 1774 lutosis
736 1707 983 1796 etuoraginibus
995 1708 1181 1788 sumptum?
1202 1707 1249 1772 ita

132 1827 203 1892 ergo
225 1829 285 1874 non
307 1810 415 1892 despui
429 1811 551 1875 uestras
567 1809 1026 1894 inflammaremini-dignitates
1049 1809 1248 1876 stercoribus·
1309 1853 1314 1866 ·

131 1929 190 1993 que
213 1928 268 1976 uos
283 1913 381 1994 accipi
396 1912 476 1978 inter
491 1915 608 1978 atroces
624 1914 831 1997 computaretis
846 1913 999 1979 iniurias?
1021 1913 1074 1978 sed
1089 1917 1247 1978 taurorum

132 2015 309 2096 corporibus
331 2016 487 2082 honoratis
509 2035 565 2083 uos
587 2014 659 2083 deos
681 2019 713 2082 et
729 2017 861 2083 aliorum
876 2017 1080 2082 animantium
1095 2015 1247 2107 caedibus,

97 2119 164 2182 cet
186 2118 260 2200 quid
281 2118 339 2184 hoc
360 2121 398 2184 ab
420 2120 476 2185 illo
498 2119 611 2200 differt,
636 2125 706 2186 oiim
721 2121 833 2202 etipsa
848 2121 874 2184 si
889 2120 1249 2200 nondum,⁴³mdrtumen

131 2222 237 2287 futura
268 2223 332 2286 sint
353 2223 486 2288 stercora
511 2226 542 2289 et
564 2224 667 2309 exigui
688 2224 836 2307 temporis
859 2224 1014 2289 contracta
1035 2223 1249 2288 interiectione

130 2324 314 2406 putescant?
336 2326 470 2410 denique·
480 2327 611 2392 desinite
627 2345 796 2412 supponere
811 2326 872 2392 sris
887 2326 1009 2412 ipncm:
1033 2325 1248 2408 iuin'plbfecto
1308 2327 1341 2360 ’·“
1373 2343 1377 2350 ·

131 2427 262 2491 cernetis
283 2427 426 2493 uiscus
441 2429 499 2497 illa
531 2431 708 2494 taurorum·
725 2447 831 2508 sacras
858 2429 1095 2512 qmbusrhdnor
1122 2448 1140 2494 a
1162 2429 1249 2493 debis

132 2531 328 2597 auctificatur
355 2532 494 2610 deorum,
523 2533 691 2599 feruescere
714 2533 871 2598 uermibus
894 2535 925 2598 et
946 2532 1110 2612 fluctuare,
1138 2532 1249 2596 uitiare

96 2637 166 2700 acet
189 2652 382 2717 corrumpere
412 2635 529 2700 statum
547 2636 634 2702 ‘caeli
661 2637 693 2702 et
715 2656 752 2701 err
774 2635 916 2702 odoribus
937 2634 1087 2701 morbidis
1110 2633 1248 2718 regiones

84 2796 86 2804 s
133 2741 324 2805 consauciare
360 2737 492 2804 uicinas:
530 2757 622 2822 quarn
639 2738 801 2806 silucris
838 2739 1047 2824 praecipiuut³
1063 2738 1114 2803 dii
1144 2753 1249 2802 curam
1285 2731 1288 2742 ’

132 2843 276 2907 uestram
290 2842 328 2906 iu*
338 2842 549 2907 ualetudinem
571 2843 699 2921 uertere,
718 2843 851 2926 prandia
871 2843 944 2907 inde
969 2839 974 2927 1
1000 2841 1051 2906 uel
1074 2857 1163 2906 cenas
1186 2841 1276 2905 solssf.
1290 2854 1338 2902 143

132 2943 231 3009 lemni
258 2963 306 3009 err
324 2963 413 3010 more
442 2944 603 3024 conficere,
637 2944 738 3030 longe·
754 2945 890 3030 'fugiatis
923 2945 1136 3027 execratique’
1150 2944 1251 3008 odoris

132 3064 231 3131 genus
252 3047 374 3112 neniam
395 3048 528 3131 poscatis
551 3068 569 3114 a
592 3049 710 3131 superis
732 3047 929 3130 facturosque
950 3065 1005 3112 uos
1020 3047 1064 3112 eis
1080 3049 1250 3129 numquam

97 3146 212 3214 actalia
234 3168 328 3215 sacra*
340 3151 460 3216 iuratis:
491 3152 538 3216 ita·
559 3151 643 3216 istud
664 3161 723 3216 non
738 3152 843 3217 ludere
864 3151 920 3230 est,
942 3168 1003 3216 nou
1017 3149 1166 3228 confiteri
1191 3167 1250 3214 nou

55 3279 58 3286 ·
132 3251 281 3335 pandere,
297 3253 370 3338 qnid
392 3254 433 3319 sit
455 3255 529 3320 dens
551 3256 667 3320 nesure
688 3267 743 3320 nac
766 3254 814 3319 cui
836 3254 994 3337 potentiae
1015 3253 1124 3318 debeat
1150 3251 1251 3316 nomi-

132 3353 182 3420 nis
203 3355 295 3419 huius
318 3356 373 3422 uis
389 3356 480 3421 subdi
503 3357 729 3441 appellatioque
751 3357 901 3441 supponi?
924 3357 1002 3422 cibis
1017 3357 1130 3440 uectus
1153 3355 1250 3420 aucti·

133 3459 234 3526 ficetis
256 3461 337 3541 deos,
360 3460 520 3524 nidoribus
541 3461 747 3527 cohonestatis
770 3461 801 3526 et
822 3460 914 3540 lucis
943 3459 974 3525 et
996 3460 1069 3541 quia
1090 3459 1249 3525 conisliu-

134 3563 286 3629 cundoet
308 3564 397 3648 grata
419 3564 490 3628 sunt
510 3583 548 3630 aa
570 3583 646 3647 quae
667 3583 722 3629 uos
744 3564 842 3643 alunt,
866 3563 1055 3628 deos'etiam
1077 3558 1203 3627 creditis
1218 3561 1250 3624 in

98 3684 240 3732 cocorum
262 3667 395 3732 adducre
416 3666 601 3751 uoluptates,
624 3668 809 3733 latratorum
832 3668 863 3732 ct
884 3669 994 3731 canum
1015 3664 1167 3746 rituoffi's
1182 3673 1248 3729 sae*

134 3769 229 3834 nitius
249 3789 360 3853 ponere
382 3771 474 3852 atque
489 3770 632 3836 adludere
646 3769 875 3854 porrigentibus
892 3767 1035 3850 saepius?
1057 3769 1089 3832 et
1103 3766 1249 3850 quoniam
1264 3768 1300 3828 le

168 3997 583 4078 dhoncrescrgbfacerent·dub
616 4025 620 4032 ¹
651 4010 656 4028 ·’
685 3988 879 4078 4a'ppetitiond
896 3985 962 4062 Urs:
979 4003 1183 4118 adpositionoP
1236 4019 1238 4026 ⁴

133 4095 167 4148 11
181 4095 225 4149 cst
242 4095 270 4149 P
310 4111 314 4118 ·
404 4095 437 4149 16
455 4098 576 4149 contacta
599 4087 616 4148 ,9³
748 4095 782 4149 18
807 4087 1004 4148 cernetisGet:
1031 4088 1186 4172 cernitis'P
1272 4105 1273 4112 ¹

133 4181 167 4234 21
186 4197 264 4251 quam
283 4181 306 4234 si
324 4179 394 4237 Sub.-
417 4183 493 4251 quasi
511 4181 538 4236 P
561 4197 628 4251 quae
646 4180 764 4236 sidulas
864 4177 995 4234 culturam
1015 4177 1069 4233 Urs
1158 4175 1205 4233 '22
1222 4179 1250 4232 in

133 4271 258 4335 neumam,
273 4268 302 4320 in
315 4267 390 4323 Solos
474 4261 639 4336 uoluptatem
656 4265 707 4322 Urs
738 4277 739 4282 ’
792 4265 827 4334 24
838 4264 938 4334 superis
951 4263 1145 4334 Sobrsnperiis
1158 4264 1186 4318 P
1230 4285 1232 4294 ’

133 4353 167 4407 27
184 4353 234 4422 uis]
255 4353 310 4406 suis
328 4353 356 4406 P
373 4369 434 4408 corr
542 4353 647 4429 uestris·
658 4353 769 4422 scripsi:
792 4350 868 4406 nouis
886 4351 914 4404 P
1017 4350 1052 4404 28
1070 4351 1148 4419 sucis]
1167 4351 1249 4405 sumis

133 4439 276 4494 Mausolus
377 4439 411 4492 29
428 4454 508 4507 eaque
526 4437 582 4492 Sub
657 4427 718 4492 ”30
734 4438 842 4492 seuitias
859 4436 888 4489 P
