2888 5008
276 503 337 571 182
575 503 715 557 Arnobii
739 502 900 556 aduersus
924 502 1082 555 nationes

272 677 340 742 tum
368 676 520 761 genetrix,
552 676 695 758 obrepere
723 673 962 758 conquiescentis
984 673 1093 756 pudori
1115 673 1213 752 filius,
1244 674 1394 756 inquitis,

272 779 435 844 insidiator
466 780 568 844 enisus
601 779 657 844 est.
695 779 765 862 post
796 778 974 843 innumeras
1006 776 1143 861 uirgines
1175 779 1205 841 et
1239 777 1395 860 spoliatas

272 883 413 948 castitate
444 884 599 948 matronae
633 881 766 946 etiamne
797 881 829 944 in
862 882 994 944 matrem
1028 879 1207 961 cupiditatis
1242 879 1395 944 infandae

272 1005 357 1070 spem
379 987 517 1070 luppiter
545 986 641 1068 cepit,
664 985 780 1052 neceb
809 983 895 1048 illius
925 982 1122 1065 adpetitionis
1150 983 1257 1046 ardore
1282 983 1394 1046 horror

271 1109 342 1156 eum
364 1090 465 1172 quiuit
481 1089 626 1166 auertere,
649 1106 739 1170 quem
754 1105 814 1152 non
838 1086 1012 1151 hominibus
1033 1085 1106 1150 solis
1129 1087 1182 1150 sed
1198 1084 1417 1150 animalibusr

271 1209 390 1275 quoque
412 1192 568 1258 nonnullis
589 1192 729 1258 nature'
720 1209 788 1275 rpsa
811 1191 987 1265 subiecit,e
971 1190 1162 1273 etingenera
1163 1191 1213 1252 tus
1163 1189 1289 1252 tille
1308 1205 1393 1252 com-

269 1297 407 1362 muniter
429 1301 556 1362 sensus?
585 1315 622 1362 an
644 1297 801 1378 respectus
823 1294 928 1376 pietat
920 1314 946 1358 rs
968 1293 1000 1358 et
1020 1292 1139 1358 honesti
1162 1291 1392 1374 Capitoliorum

270 1398 370 1466 deluit
397 1401 542 1482 praesidi,
572 1419 628 1466 nec
656 1400 731 1481 quid
753 1399 875 1463 sceleris
903 1398 1027 1480 cuperet
1049 1396 1239 1461 conturbatis
1262 1415 1325 1477 per
1347 1395 1392 1460 in-

270 1502 389 1567 saniem
411 1503 565 1568 mentibus
589 1503 643 1567 aut
664 1502 829 1567 retractare
850 1502 969 1582 poterat
991 1501 1045 1564 aut
1059 1499 1242 1581 perdidere?
1266 1502 1327 1564 sed
1343 1503 1391 1562 ut-

270 1607 306 1670 ut
327 1625 375 1670 res
398 1608 454 1688 est,
477 1605 620 1687 ponderis
643 1605 673 1670 et
688 1603 859 1676 maiestatis
875 1603 990 1668 oblitus
1006 1602 1043 1666 ad
1063 1602 1146 1666 furta
1160 1601 1216 1666 illa
1230 1600 1417 1684 flagitiosae

270 1728 429 1793 correpens
451 1708 532 1783 ibat
555 1726 670 1791 pauens
693 1727 728 1772 ao
750 1707 905 1789 trepidus
928 1706 1068 1772 anhelitu
1089 1705 1152 1770 oris
1173 1723 1296 1786 presso,
1323 1724 1391 1768 sus·

210 1813 370 1895 pensis
397 1831 450 1894 per
483 1811 680 1877 formidinem
712 1810 911 1894 gressibnse
896 1811 927 1874 et
955 1810 1036 1874 inter
1063 1809 1166 1874 media
1195 1807 1391 1874 constitutus

179 1929 198 1979 f
211 1915 397 2002 rossolllicit
383 1916 500 1980 tudinis
515 1916 639 1997 speique
655 1913 784 1978 confinia
799 1914 945 1997 palpabat
960 1932 1008 1978 ree
1024 1913 1160 1991 intimas,
1184 1912 1391 1976 altitudinem

269 2019 460 2084 dormitionis
489 2019 521 2082 et
548 2016 657 2082 matris
685 2017 870 2098 patientiam
896 2018 1061 2098 temptans.
1097 2035 1114 2080 o
1142 2035 1243 2081 rerum
1272 2015 1391 2097 imagi·

269 2123 353 2186 natio
381 2122 536 2187 indecora!
568 2139 585 2184 o
608 2120 732 2184 habitus
759 2120 865 2184 foedus
887 2121 970 2186 Iouis
999 2121 1036 2184 ad
1059 2119 1180 2183 obsceni
1203 2121 1270 2183 cert
1270 2119 1416 2183 aminiss

269 2225 491 2306 expeditionem
519 2223 633 2306 parati!
669 2242 778 2308 ergone
804 2223 859 2288 ille
880 2241 930 2287 rex
952 2223 1070 2300 mundi,
1094 2241 1164 2286 oum
1185 2221 1337 2286 incautus
1360 2225 1390 2284 et

267 2347 412 2411 properus
434 2327 621 2408 obreptionis
644 2329 724 2391 esset
747 2326 876 2391 reiectus
901 2345 919 2390 a
940 2327 1031 2402 furto,
1057 2325 1088 2389 in
1106 2325 1249 2408 inpetum
1265 2343 1300 2390 se
1318 2345 1389 2392 uer·

267 2431 309 2495 tit
331 2433 362 2495 et
384 2431 530 2513 quoniam
551 2448 656 2511 rapere
679 2429 871 2511 uoluptatem
893 2427 1041 2493 insidiosa
1064 2428 1171 2493 fraude
1193 2443 1254 2491 non
1270 2429 1388 2509 quiuit,

268 2534 300 2597 ui
328 2538 458 2598 matrem
492 2536 654 2616 adgressus
681 2533 728 2596 est
755 2533 786 2596 et
812 2530 1006 2614 apertissime
1039 2532 1140 2615 coepit
1173 2531 1389 2596 uenerabilem

268 2639 411 2703 subruere
441 2637 641 2702 castitatem?
675 2636 867 2701 conluctatus
896 2653 968 2719 ergo
991 2633 1167 2700 diutissime
1189 2654 1260 2700 cum
1284 2637 1417 2700 inuitae

268 2741 323 2818 est,
346 2738 457 2816 uictus,
481 2739 597 2804 fractus
621 2741 840 2821 superatusque
862 2739 981 2816 defecit,
1011 2740 1042 2803 et
1064 2757 1155 2820 quem
1177 2740 1277 2821 pietas
1304 2739 1389 2803 diiu-

267 2861 341 2925 gare
363 2842 401 2906 ab
425 2843 548 2908 infando
564 2843 673 2908 matris
690 2860 748 2906 non
764 2843 864 2906 ualuit
883 2843 1034 2924 adpetitu,
1057 2843 1151 2908 effuse
1166 2842 1263 2906 libido
1279 2843 1389 2908 diiun-

220 2945 335 3014 lorica
367 2945 427 3010 nisi
453 2945 529 3010 lorte
556 2945 674 3023 dicetis,
698 2945 904 3010 conuentionis
923 2946 1098 3011 huiusmodi
1120 2947 1262 3028 coeptum
1283 2965 1388 3030 genus

266 3046 349 3111 uitat
370 3048 461 3129 atque
483 3049 640 3113 execratur
661 3048 844 3125 humanum,
867 3049 947 3129 apud
970 3049 1042 3113 deos
1064 3048 1181 3112 inceste
1196 3049 1270 3111 sunt
1284 3049 1386 3114 nulla.

266 3153 297 3214 et
319 3169 372 3215 cur
399 3153 499 3216 mater
527 3150 672 3216 acerrime
699 3152 857 3236 pugnabat
884 3151 1027 3216 inferenti
1057 3152 1122 3216 uim
1145 3149 1230 3215 lilio?
1264 3170 1324 3216 cur
1346 3152 1386 3216 ab
1396 3175 1416 3214 a

264 3252 351 3317 illius
376 3254 566 3337 amplexibus
591 3260 751 3336 tamquam
776 3255 911 3320 inlicitos
940 3254 1042 3320 uitans
1071 3254 1243 3338 refugiebat
1274 3255 1386 3320 adtec-

253 3357 339 3448 tus?
366 3377 438 3421 nam
460 3357 487 3422 si
514 3357 592 3421 nihil
620 3359 700 3422 esset
722 3357 808 3422 inre
830 3358 920 3437 mali,
954 3359 1020 3422 tarn
1047 3377 1151 3442 gerere
1180 3357 1236 3422 illa
1264 3375 1387 3423 morem

264 3458 329 3524 sine
357 3460 420 3524 ulla
448 3461 630 3526 retractione
663 3461 808 3526 debuerat
843 3479 933 3543 quam
962 3461 1087 3527 uolebat
1114 3461 1164 3526 hio
1193 3461 1304 3542 cupide
1331 3461 1386 3526 ad-

297 3664 460 3731 lgenetrin,
477 3665 536 3716 tum
548 3663 690 3718 Meuree'ae
792 3665 913 3733 obrepere
926 3665 995 3719 Sob:
1014 3665 1187 3734 obriperetP
1289 3668 1385 3720 2οηί-

263 3766 311 3802 xus
330 3749 383 3803 Sub
486 3748 605 3803 8dclnit
624 3749 712 3804 Salm:
739 3750 832 3818 depuit
848 3750 875 3803 P
897 3751 1003 3820 despuit
1022 3752 1075 3807 Sao
1178 3752 1291 3820 praesidi
1319 3754 1385 3807 θεῖε

262 3833 386 3903 praesidii
404 3834 431 3886 P
528 3833 653 3889 nccGel:
671 3851 704 3888 ne
721 3835 749 3888 P
850 3836 949 3890 butut
966 3837 1032 3891 Ure:
1049 3840 1120 3892 utP
1222 3832 1386 3907 ll'tepidus

263 3920 318 3975 Sub
426 3919 458 3973 13
475 3920 601 3988 palpabat
620 3920 688 3974 Sub:
716 3921 834 3989 pellebat
852 3921 880 3974 P
901 3923 1053 3990 pallebatc
1162 3926 1194 3979 14
1212 3924 1385 3979 dormitionis

262 4006 372 4074 scripsi:
398 4005 552 4059 dormientis
577 4007 602 4060 P
744 4007 837 4060 matris
862 4009 889 4060 et
918 4007 969 4062 Ure
1106 4009 1138 4064 15
1163 4009 1233 4064 foedi
1258 4009 1314 4064 Sub

262 4093 295 4147 17
307 4091 468 4160 obreptionis
485 4093 716 4148 Ure:.obieotionis
729 4093 757 4146 P
767 4093 952 4148 oblectationis
964 4095 1106 4150 Meursiue
1210 4097 1242 4151 18
1254 4099 1384 4166 quoniam

267 4177 333 4232 Ure:
352 4193 430 4246 quam
448 4179 475 4232 P
588 4179 621 4232 22
639 4179 771 4233 diiuncrit
788 4180 816 4232 P
832 4180 951 4234 deuinxit
970 4181 1024 4235 Sub
1138 4183 1171 4237 23
1190 4183 1384 4237 conuentioncs

265 4264 319 4319 Urs
453 4267 555 4320 coetum
580 4265 634 4319 ‘sed
654 4267 781 4336 plossemu
805 4267 915 4322 uidetur
940 4270 1015 4323 uocis
1038 4271 1233 4325 conuentionee'
1260 4273 1314 4326 Urs

260 4349 458 4406 iluitatSab:
476 4351 559 4404 uitam
572 4351 600 4404 P
696 4351 729 4405 25
741 4351 907 4422 repugnabat
920 4353 975 4407 Sao
1034 4405 1036 4407 .
1074 4357 1213 4424 28cupide
1226 4357 1383 4412 Meerrsius:

260 4436 354 4505 cupide
372 4438 399 4490 P
415 4436 518 4504 cupitae
540 4436 592 4490 Ure
