2950 5006
587 487 685 542 tiber
700 487 738 541 Π.
1176 491 1218 556 65

102 656 225 740 piamus
258 655 399 739 deinceps
431 675 503 723 mor
534 658 669 741 aliquem
697 661 806 725 natum
835 661 867 725 et
881 697 895 728 a
910 660 944 725 in
964 659 1024 725 1001
1038 659 1124 725 iliius
1145 661 1215 726 hos-

102 760 232 844 pitium,
268 761 349 842 quod
383 760 494 827 habeat
529 779 594 828 rem
622 761 742 828 nullam
771 764 803 828 ot
831 765 873 830 sit
901 764 989 830 inane
1017 781 1053 828 ac
1074 783 1215 844 uacuum,

103 863 263 929 Platonica
295 863 368 962 licet
395 864 451 929 aut
477 865 668 949 Pythagorea
694 868 836 950 progenie
864 867 1053 933 authorum
1075 868 1216 948 alicuius,

103 967 157 1049 qui
180 967 331 1033 acuminis
361 967 558 1050 perhibentur
579 969 674 1036 fuisse
696 970 795 1037 diuini
816 972 872 1036 eut
893 989 929 1036 ox
950 972 1042 1038 deum
1063 974 1216 1056 responsis

80 1070 325 1153 asapimtissimi
354 1072 530 1154 nuncupati.
564 1075 645 1155 quod
672 1092 743 1140 cum
770 1074 874 1140 actum
901 1063 1011 1153 fuerit,
1043 1076 1154 1140 nutriri
1181 1078 1217 1141 ut

103 1174 214 1239 debeat
246 1175 383 1257 sequitur
414 1179 445 1240 et
477 1173 643 1262 aliimouiis
676 1177 925 1243 conuenientibus
961 1179 1090 1246 educari.
1127 1179 1215 1245 adiri-
1224 1187 1286 1241 108

102 1277 229 1344 beamus
250 1278 349 1361 igitur
369 1278 402 1343 st
422 1280 585 1357 nutricem,
608 1299 685 1362 quae
706 1299 825 1363 semper
847 1282 886 1362 ad
901 1283 1075 1361 sumunda,
1097 1301 1215 1366 semper
1338 1329 1343 1340 .

102 1380 199 1445 silens
218 1381 353 1460 accedat,
377 1381 507 1448 uerbum
528 1383 651 1449 nullum
672 1382 787 1450 iaciens
809 1386 910 1450 necin
925 1386 1071 1451 sermonis
1086 1387 1215 1453 alieuius

102 1483 341 1550 similitudinem
362 1503 414 1550 ora
435 1487 466 1551 et
488 1486 576 1552 labra
598 1487 735 1569 diducat,
759 1489 812 1552 sed
833 1507 904 1554 cum
925 1507 1076 1576 mammas
1098 1489 1217 1554 dederit

62 1589 135 1651 root
157 1588 369 1669 consequentia
391 1588 541 1672 supplerit
562 1589 678 1668 officia,
701 1591 810 1657 datum
832 1592 929 1674 quieti
950 1591 1074 1674 linquat
1094 1594 1126 1657 et
1147 1594 1217 1658 ante
1309 1621 1314 1634 r

101 1689 181 1756 fores
202 1691 322 1758 clausas
343 1691 408 1757 dios
429 1693 592 1775 noctesque
613 1693 790 1759 continuet:
813 1696 912 1777 poscit
933 1696 1016 1762 enim
1037 1696 1218 1779 plerumque

72 1830 76 1838 ·
101 1813 159 1870 res,
181 1794 330 1860 nutricias
352 1795 457 1860 adesse
479 1815 565 1862 ouras
587 1798 618 1861 et
639 1798 798 1863 obseruare
819 1799 1018 1881 temporarios
1039 1800 1151 1866 motus.
1183 1800 1217 1864 at
1280 1783 1285 1792 ’

101 1916 174 1962 1010
189 1916 259 1962 oum
273 1899 406 1981 coeperit
419 1900 615 1967 solidioribus
631 1901 706 1967 cibis
720 1902 822 1966 infans
837 1901 946 1967 debore
961 1901 1073 1981 1110111,
1095 1903 1215 1969 nutrice

45 2059 53 2078 ‚
100 2001 272 2066 inferantur
298 2001 336 2066 ab
359 2002 464 2068 eadem
491 2005 577 2068 ueste
605 2006 641 2068 ut
669 1999 802 2069 dirimas
830 2006 930 2087 posita
958 2005 989 2070 et
1015 2007 1119 2071 tenore
1140 2007 1216 2072 reti-

63 2104 219 2170 1ecentiae
241 2107 372 2171 seruato.
409 2106 475 2190 ipse
496 2108 601 2172 autem
623 2108 676 2190 qui
697 2107 829 2172 infertur
852 2108 939 2173 cibus
961 2109 1002 2174 sit
1021 2128 1100 2174 unus
1122 2111 1214 2191 atque

101 2208 184 2272 idem
213 2226 348 2292 semper,
378 2209 457 2274 nihil
485 2207 616 2276 materia
637 2210 780 2276 differens
801 2229 856 2276 nec
880 2229 934 2294 per
957 2211 1058 2276 uarios
1080 2211 1214 2277 redinte-

101 2313 209 2394 gratus
231 2329 369 2393 sapores,
392 2312 446 2378 sed
468 2313 522 2378 011
543 2311 638 2379 fitilla
659 2315 697 2378 ds
718 2314 806 2379 milio
828 2314 883 2379 aut
904 2315 947 2379 sit
966 2315 1055 2396 panis
1077 2315 1213 2382 0110110

100 2419 165 2494 aut,
188 2416 224 2480 ut
245 2415 367 2481 saecula
388 2414 549 2480 imitemur
570 2418 707 2500 antiqua,
731 2437 766 2483 or
782 2417 881 2484 cinere
902 2416 990 2482 caldo
1011 2417 1137 2501 glandes
1160 2419 1214 2483 aut

102 2519 254 2584 exremis
276 2519 450 2603 agrestibus
472 2521 608 2584 baculas.
637 2521 721 2602 potio
744 2521 848 2586 autem
869 2519 935 2585 uini
957 2521 999 2586 sit
1019 2539 1141 2603 prorsus
1163 2521 1212 2586 in·

60 2621 227 2704 recognita
247 2639 302 2686 uec
324 2622 471 2687 sedandae
491 2623 577 2688 01111
598 2625 797 2689 admoueatur
818 2625 875 2689 siti
893 2643 985 2707 quam
1006 2625 1105 2706 liquor
1119 2643 1213 2706 purus
1333 2703 1336 2710 ἱ
1461 2683 1467 2690 .

101 2745 118 2788 0
140 2725 275 2790 fontibus
297 2707 417 2791 caldore
438 2727 520 2809 ignis
543 2727 676 2792 intactus
698 2730 738 2804 et,
760 2729 787 2792 si
807 2727 874 2792 fieri
895 2729 976 2811 potis
992 2730 1048 2806 est,
1071 2727 1213 2792 manibus

101 2828 354 2893 subministratus
377 2829 469 2894 oauis.
506 2829 560 2893 fiet
587 2830 669 2894 enim
694 2830 858 2896 familiaris
884 2849 1002 2896 emere
1027 2830 1213 2896 consuetudo

99 2933 135 2995 in
156 2933 298 2997 naturam
327 2951 415 2998 uersa
443 2952 500 2998 nec
529 2933 676 3017 adpetitio
698 2935 872 3018 porrigetur
896 2935 1035 3013 ulterius,
1058 2951 1123 2999 esse
1145 2953 1211 2999 am·

100 3034 184 3116 plius
205 3036 349 3105 ‚nesciens
370 3038 451 3119 quod
477 3040 609 3119 petatur.
646 3055 791 3119 quorsum
823 3038 920 3122 igitur
947 3040 1020 3103 hese
1047 3038 1263 3119 spectantia

53 3138 151 3226 lant,
173 3139 317 3221 quoniam
346 3140 498 3206 creditum
520 3143 581 3218 est,
609 3141 727 3206 animas
757 3141 877 3208 diuinas
906 3144 998 3224 etque
1026 3139 1214 3206 immortales

101 3259 166 3306 esse
189 3243 220 3306 et
242 3243 280 3308 ad
302 3243 463 3309 hominum
485 3261 609 3326 corpora
629 3245 801 3327 disciplinis
822 3265 893 3310 cum
908 3245 1049 3310 omnibus
1063 3244 1214 3316 aduolare,

102 3347 292 3428 experiamur
314 3366 350 3411 ex
371 3347 431 3411 isto
446 3366 538 3428 quem
553 3346 611 3412 boc
626 3366 735 3432 genere
749 3348 905 3412 uoluimus
920 3347 1051 3426 educari,
1073 3347 1212 3429 capiatne

137 3652 151 3703 1
168 3653 196 3704 et
213 3666 256 3704 om
272 3651 325 3706 Ura
426 3652 554 3707 10000001
568 3654 677 3724 Quare
777 3654 794 3707 3
811 3656 953 3723 pytagorae
965 3654 992 3707 P
1092 3653 1110 3707 4
1126 3651 1212 3708 diuini

100 3737 172 3793 Sub.-
198 3738 298 3793 diuinis
315 3738 344 3792 P
443 3740 504 3793 601
522 3739 591 3794 Sub:
617 3740 693 3795 11Ρ
794 3740 810 3794 8
828 3740 955 3794 sermonis
980 3739 1092 3794 alicuius
1118 3739 1215 3794 simili-

98 3823 222 3877 tudinem
244 3825 356 3893 scripsi:
385 3825 513 3878 sermonis
538 3825 650 3880 alicuius
668 3827 695 3878 P
715 3841 832 3880 sermone
854 3825 1040 3880 01101111801
1067 3841 1212 3880 sermonem

99 3909 216 3978 aliquem
237 3910 285 3964 Get
313 3925 444 3964 sormones
462 3910 565 3981 aliquos
589 3913 641 3966 Urs
742 3914 759 3967 9
776 3913 886 3967 diducat
907 3911 969 3966 Get.-
991 3911 1103 3966 deducat
1120 3911 1148 3965 P

99 3995 135 4048 14
151 3994 282 4049 inferatur
301 3996 354 4050 801
464 3997 498 4052 15
515 3997 641 4053 inferatur
658 3999 686 4052 P
795 3999 828 4053 16
844 3997 1041 4066 redintegratus
1059 3996 1129 4052 Sub:
1157 3997 1216 4052 rod-

98 4082 246 4150 integretcs
264 4082 292 4136 P
401 4084 433 4138 11
451 4083 533 4138 flaua
551 4084 639 4139 80100.Ι
657 4083 754 4139 fitilla
765 4084 977 4139 Ρ1111110801
1089 4083 1122 4137 18
1139 4084 1214 4152 glan·

98 4168 145 4221 das
164 4167 233 4222 Sub.-
251 4170 364 4238 grandos
382 4169 410 4223 P
510 4169 544 4223 20
560 4169 636 4223 furus
653 4170 682 4224 P
694 4185 756 4224 corr
857 4171 891 4224 22
908 4169 1126 4224 subministratus
1149 4168 1215 4223 (iot.-
1282 4205 1284 4212 ·

98 4253 334 4310 subministratum
353 4255 381 4309 P
480 4256 683 4326 depompatur
705 4258 771 4311 Urs:
795 4257 942 4326 corrigetur
959 4255 987 4310 P
1084 4254 1216 4324 0010010

102 4340 256 4394 Votienus.-
277 4327 341 4395 adeo
358 4341 386 4396 P
402 4357 418 4395 a
436 4341 483 4395 deo
502 4339 557 4396 801
575 4343 654 4410 atque
671 4341 736 4396 odeo
759 4341 812 4397 Urs

200 4443 248 4500 lv.
1096 4445 1113 4499 5
