2916 5010
275 463 335 526 122
577 455 719 512 Arnobii
741 456 902 512 aduersus
921 455 1078 512 nationes

272 633 383 710 taetus,
416 629 469 713 qui
496 629 575 711 pilos
602 617 641 694 et'
661 628 820 714 lanugines
854 629 959 696 eredat
985 629 1017 694 iu
1050 627 1176 694 deorum
1209 627 1392 709 corporibus

272 733 367 812 nasot,
390 733 443 817 qni
466 752 613 800 annorum
635 731 667 798 in
688 732 753 797 illis
768 731 868 798 inesse
884 731 1070 810 discrimina,
1096 731 1149 814 qui
1170 732 1201 795 st
1215 749 1272 811 per
1288 729 1392 794 uarias

255 838 442 922 tegminum
470 838 561 918 atque
588 835 757 901 amictuum
785 835 899 900 formas
927 836 1055 926 uastitas
1083 836 1138 900 hos
1159 835 1204 898 iro
1232 835 1333 915 atque
1356 833 1392 898 ab

272 939 407 1006 aestibus
429 957 493 1005 sese
515 938 740 1022 frigoribusque
762 937 879 1016 tauri?
908 938 988 1020 quod
1009 939 1062 1020 qui
1084 937 1178 1002 habet
1199 955 1332 1012 uarum,
1365 939 1393 999 et

272 1041 328 1108 hoe
349 1059 471 1108 naoosse
493 1043 539 1106 est
568 1041 724 1123 tamquam
751 1059 859 1104 uerum
887 1040 1030 1122 aooipiot:
1060 1059 1126 1105 osse
1147 1039 1219 1104 deos
1242 1039 1418 1113 fullonese

271 1163 336 1210 esse
358 1147 510 1223 tonsores,
533 1143 586 1224 qui
607 1142 658 1207 uel
680 1161 781 1208 saoras
803 1143 908 1208 eluant
931 1146 1031 1208 uestes
1053 1143 1104 1206 uel
1127 1142 1256 1224 capillos
1282 1142 1393 1206 immi·

270 1249 367 1312 nuent
395 1245 624 1311 siluesoontium
652 1245 782 1310 oninium
812 1245 977 1310 uellsribus
999 1244 1160 1310 inuolutis.
1194 1245 1283 1310 itane
1305 1245 1393 1308 istud

271 1368 340 1415 non.
358 1352 463 1432 turpe,
489 1367 550 1414 non
577 1347 745 1429 impietatis
768 1349 800 1412 ot
821 1349 1024 1414 contumeliae
1051 1347 1177 1430 plenum
1198 1348 1262 1424 est,
1295 1349 1392 1412 mori·

270 1451 365 1518 bundi
387 1452 418 1517 et
439 1450 544 1518 eaduoi
566 1451 732 1518 animantis
755 1451 936 1516 liniamenta
959 1451 1018 1516 diis
1041 1451 1128 1530 dure,
1161 1451 1317 1533 insignire
1344 1450 1391 1514 bis

249 1555 424 1638 partibus,
447 1571 521 1637 quas
543 1572 735 1632 enumerare,
764 1571 840 1635 quas
862 1555 1001 1636 persequi
1023 1553 1134 1635 probus
1157 1553 1272 1620 audeat
1298 1571 1415 1618 nemon

270 1675 325 1723 neo
346 1657 409 1722 sine
436 1675 573 1721 summae
600 1653 757 1722 foeditatis
780 1653 902 1724 horrore
931 1655 1044 1721 mentis
1066 1656 1293 1739 imaginatione
1316 1675 1390 1720 eon·

272 1759 392 1843 uipera?
427 1758 533 1824 hooine
563 1758 610 1822 est
638 1757 717 1823 illud
746 1756 907 1824 fastidium
938 1761 1092 1840 uestrum,
1130 1759 1283 1847 sapientia
1312 1759 1389 1823 haee

272 1867 436 1946 adrogans,
459 1879 519 1943 qua
540 1860 690 1943 despuitis
712 1878 766 1925 nos
789 1862 824 1924 ut
845 1861 935 1926 rudes
961 1861 1052 1944 atquo
1075 1881 1197 1926 omnem
1220 1862 1388 1927 seientiam

270 1965 380 2030 nomini
414 1983 515 2030 rerum
544 1964 631 2028 uobis
644 1979 651 2042 J
661 1963 835 2029 diuinarum
869 1966 994 2046 patere?
1019 1964 1245 2048 Aegyptiorum
1277 1963 1388 2028 ridetis

271 2069 458 2150 aenigmata,
488 2068 567 2148 quod
596 2070 752 2132 mutorum
781 2067 987 2132 animantium
1013 2068 1128 2132 formas
1157 2067 1274 2132 diuinis
1304 2069 1413 2132 inse-n

271 2170 389 2236 ruerint
404 2170 502 2234 eaesis
525 2169 706 2253 easdemque
727 2170 807 2251 quod
830 2170 945 2253 speeies
967 2171 1066 2236 multo
1090 2173 1159 2236 ture
1182 2169 1344 2252 aooipiant
1360 2173 1387 2234 et
1440 2189 1441 2200 ¹

270 2273 386 2355 reliquo
409 2272 663 2338 caerimoniarum
685 2274 809 2358 paratu:
833 2291 887 2339 uos
909 2273 1025 2358 effigies
1047 2274 1208 2340 hominum
1222 2276 1387 2356 umquam

273 2378 399 2442 deorum
421 2375 607 2442 ueneramini
636 2377 803 2457 potestates
833 2395 888 2442 neo
914 2378 1008 2458 pudet
1035 2377 1082 2442 his
1106 2395 1158 2442 ora
1179 2376 1297 2441 torrem
1319 2379 1387 2442 ani-

270 2480 362 2546 malis
384 2480 553 2562 imponere,
582 2479 690 2544 erroris
711 2479 794 2544 'alios
822 2482 853 2544 et
881 2479 1033 2546 stultitiae
1058 2479 1258 2546 condemnare
1292 2482 1324 2545 et
1355 2482 1385 2546 iu

199 2596 216 2648 r.
229 2584 379 2650 roerroris
408 2583 543 2648 eiusdem
571 2582 773 2648 similitudine
795 2602 830 2648 ao
859 2583 929 2648 uitii
955 2582 959 2668 Ι
985 2582 1179 2665 deprehendi.
1213 2582 1276 2648 uisi
1306 2583 1413 2648 fortes

225 2667 377 2752 ¹⁶diaetis
406 2686 483 2750 alias
513 2686 637 2767 quidem
665 2687 765 2750 inesse
786 2685 846 2750 diis
874 2684 997 2766 formas,
1028 2688 1080 2751 sed
1106 2685 1228 2750 honoris
1249 2691 1283 2750 et
1307 2687 1386 2752 dieis

271 2808 363 2854 eausa
385 2788 498 2871 speeies
520 2806 574 2852 uos
590 2790 633 2853 eis
649 2787 927 2854 aooommodauisse
941 2789 1137 2854 mortalium}
1160 2788 1246 2871 quod
1257 2789 1387 2855 maioris

270 2891 368 2956 multo
390 2892 437 2955 est
458 2890 669 2968 contumeliae,
693 2909 787 2972 quam
800 2892 909 2957 erroris
925 2891 1042 2975 aliqmd
1057 2891 1248 2975 ignoratione
1263 2891 1385 2958 fecisse.

270 3013 341 3058 nam
364 2994 390 3058 si
412 3011 465 3058 uos
487 2993 658 3058 fateremini
680 2993 712 3056 id
734 2993 815 3075 quod
836 2997 941 3060 uestra
962 2994 1095 3077 suspicio
1108 2994 1301 3063 ¹credidisset
1323 2995 1386 3060 for·
1439 2975 1440 3048 ἶ

271 3097 434 3162 mamantis
456 3096 640 3161 adtribuisse
662 3095 793 3174 diuinis,
823 3099 925 3164 minus
947 3102 1012 3163 arat
1034 3098 1162 3164 iniuriae
1184 3101 1411 3182 praesumptas

271 3200 302 3263 in
324 3198 496 3278 opinatione
516 3216 669 3280 peooasse:
698 3217 778 3264 nuno
799 3218 870 3268 uero
893 3218 962 3266 oum
986 3200 1070 3266 aliud
1092 3201 1218 3266 creditis
1240 3203 1273 3265 et
1298 3202 1384 3267 aliud

270 3301 402 3384 fingitis,
437 3303 468 3365 et
502 3302 533 3365 in
565 3320 614 3366 eos
648 3301 721 3366 estis
756 3304 967 3370 oontumeliosi
999 3304 1111 3387 quibus
1141 3303 1172 3368 id
1203 3300 1384 3370 adtribuitis

271 3405 349 3486 quod
373 3404 415 3470 ais
438 3403 623 3470 confitemini
646 3422 706 3470 non
729 3425 804 3483 esse,
828 3409 859 3472 et
880 3407 1051 3492 inreligiosi
1074 3425 1138 3471 esso
1153 3409 1384 3486 monstramini,

271 3527 340 3572 eum
362 3508 393 3571 id
416 3508 548 3572 adoratis
570 3509 650 3591 quod
672 3509 800 3594 fingitis,
823 3528 882 3574 nou
904 3511 984 3591 quod
1006 3510 1040 3574 in
1062 3529 1095 3573 re
1117 3527 1183 3574 esse
1198 3509 1329 3591 ipsaque
1353 3513 1384 3574 in

304 3781 411 3848 lpolos
428 3781 455 3834 P
471 3795 532 3836 corr
549 3785 571 3835 α’
683 3782 830 3837 bfulloues
848 3783 920 3838 dab:
941 3783 1056 3837 tullouas
1074 3783 1101 3836 P
1216 3782 1384 3838 linuolutis

268 3867 379 3934 scripsi:
396 3866 530 3924 inuolutos
548 3867 575 3920 P
687 3868 719 3920 12
737 3867 875 3922 boeciuer
986 3868 1018 3922 13
1036 3868 1189 3922 ssoientiam
1205 3867 1233 3920 P
1251 3883 1316 3922 corr

269 3951 302 4004 16
319 3951 439 4006 censibus
462 3943 578 4007 Oretla'ae
696 3956 755 4006 tura
773 3953 843 4007 Sub,-
867 3953 925 4007 iure
942 3955 970 4007 P
1088 3955 1123 4008 19
1140 3955 1222 4009 errori
1239 3955 1340 4010 asalios
1359 3957 1385 4010 P

269 4040 363 4090 norro
431 4038 465 4090 20
481 4037 543 4091 uitii
555 4038 666 4106 scripsi.-
684 4038 792 4092 uitioP
859 4040 891 4093 21
911 4039 956 4092 sed
971 4039 1036 4094 Urs:
1054 4042 1081 4093 et
1095 4041 1123 4094 P
1190 4040 1299 4094 honoris
1313 4043 1383 4096 Sub.-

269 4123 380 4176 honores
397 4123 425 4176 P
525 4122 590 4176 dieis
607 4123 728 4192 Lipsiae,
751 4123 820 4177 Urso
837 4123 906 4178 dotis
924 4124 951 4177 P
1047 4126 1082 4178 22
1099 4142 1189 4180 causas
1207 4127 1234 4180 P
1250 4143 1315 4182 oorr

269 4207 302 4258 24
320 4206 476 4261 credidissed
494 4209 593 4262 Pooro
694 4209 804 4262 formam
821 4210 918 4264 mentis
931 4211 986 4264 dot
1087 4211 1121 4265 26
1139 4197 1291 4282 opinatione
1311 4213 1382 4270 aab:

269 4292 386 4360 opinatio
398 4293 426 4345 P
525 4295 557 4348 27
576 4294 604 4348 id
620 4295 770 4348 attribuitis
786 4296 848 4349 Get:
858 4297 907 4362 ¹ita
918 4295 1039 4350 tribuitis
1052 4297 1079 4350 P
1095 4297 1119 4350 it
1131 4296 1287 4354 adtribuitis
1298 4317 1316 4354 r

269 4377 302 4430 28
320 4378 358 4430 eis
380 4378 521 4432 Oebleros:
543 4396 585 4433 eos
604 4381 638 4433 P
730 4381 839 4448 ipsaque
857 4382 884 4434 P
