2916 5010
566 488 664 544 unser
685 489 749 544 1111.
1151 492 1212 559 169

93 661 243 744 ponderis
269 661 273 746 Ι
299 661 363 726 sint
383 664 462 743 apud
485 679 539 726 uos
553 662 646 727 uerba
667 643 777 744 quibus
793 663 938 728 caelitum
958 664 1092 729 uiolatur
1113 662 1296 728 sicli-coo

94 761 203 828 mitas.
236 762 283 828 ita
304 781 375 846 ergo
397 782 457 829 non
480 763 590 842 docuit,
613 764 752 830 simodo
778 765 861 830 ullus
880 765 1004 832 deorum
1025 769 1106 832 esset
1130 765 1213 849 apud

95 883 156 931 uos
178 867 280 930 metus
302 867 356 931 aut
377 866 403 930 si
427 883 491 932 esse
512 867 583 932 illos
605 868 728 950 uspiam
742 869 1000 951 praesumptionis
1023 869 1212 934 certissimae

95 967 283 1032 confidentia
304 968 479 1048 crederetis,
502 970 729 1053 rogationibus,
751 970 851 1052 plebis
873 971 974 1054 scitis,
1003 971 1212 1038 consultorum

68 1073 223 1138 asenatus
246 1074 331 1138 metu
351 1073 538 1139 intercedere
559 1074 718 1156 prohibere
740 1075 872 1154 sancire,
903 1093 942 1140 ne
964 1073 1032 1158 quis
1058 1075 1213 1144 uelletdc

96 1176 149 1240 dis
171 1175 287 1256 passim
308 1174 370 1240 nisi
391 1177 471 1257 quod
490 1176 568 1257 esset
582 1177 708 1259 plenum
723 1177 879 1260 religionis
894 1177 1002 1242 ellari?
1023 1197 1078 1244 nec
1092 1197 1111 1242 a
1125 1177 1212 1243 uobis

95 1279 212 1344 saltem
233 1278 329 1342 istum
351 1281 528 1344 meruerunt
549 1278 702 1359 honorem,
725 1280 761 1344 11
783 1280 893 1361 quibus
917 1280 1069 1362 expellitis
1092 1279 1213 1345 auobis

96 1380 217 1446 eisdem
240 1381 278 1445 ab
300 1380 348 1445 his
375 1380 496 1464 legibus
517 1382 736 1482 propulsaretis
765 1381 915 1448 iniurias?
946 1383 1120 1448 maiestatis
1142 1385 1214 1448 suut

97 1482 183 1566 apud
197 1502 259 1568 uos
281 1483 339 1560 rei,
362 1483 415 1564 qui
436 1485 474 1548 de
496 1483 606 1548 uestris
629 1485 752 1566 sequius
773 1484 1074 1550 obmurmuraueriut
1096 1485 1214 1568 aliquid

55 1609 86 1648 10
96 1587 232 1670 regibus.
264 1588 482 1670 magistratum
504 1587 536 1650 iu
558 1587 697 1653 ordinem
719 1589 864 1672 redigere,
887 1592 1058 1655 senatorem
1073 1591 1127 1654 aut
1141 1606 1213 1653 oon·
1267 1635 1271 1654 ,

96 1691 181 1756 uicio
208 1691 349 1773 prosequi
375 1693 489 1756 seueris
518 1709 583 1756 esse
610 1690 755 1757 decrestis
777 1681 1071 1776 periculosissimum
1098 1692 1212 1774 poenis.

98 1813 223 1858 carmen
244 1795 364 1858 malum
385 1793 587 1880 conscribere,
611 1813 670 1876 quo
692 1795 776 1860 fama
798 1795 926 1861 alterius
949 1795 1162 1877 coinquinetur
1183 1796 1214 1860 et

97 1896 178 1975 uita,
203 1895 459 1962 decemuiralibus
481 1896 567 1990 scitis
589 1896 716 1961 euadere
730 1897 881 1963 noluistis
895 1898 1020 1980 inpune,
1043 1917 1078 1962 ao
1092 1917 1130 1962 ue
1144 1916 1215 1962 ues-

97 2002 166 2065 tras
188 2018 276 2064 aures
298 1999 434 2066 conuicio
457 1999 569 2082 aliquis
591 2000 796 2081 petulantiore
817 2001 969 2082 pulsaret,
1000 2000 1037 2066 de
1059 2001 1214 2066 atrocibus

58 2102 252 2166 reformidas
282 2102 485 2167 constituistis
513 2102 643 2167 iniuriis.
677 2102 735 2167 soli
764 2104 836 2167 sunt
860 2102 942 2186 apud
963 2119 1018 2168 uos
1040 2103 1143 2184 superi
1164 2103 1214 2168 in·

98 2205 242 2271 honorati
274 2205 520 2286 contemptibiles
542 2205 637 2284 ullos,
665 2206 698 2270 in
719 2223 794 2287 quos
816 2206 864 2271 ius
887 2207 935 2270 est
957 2205 1084 2271 anobis
1107 2208 1220 2271 datum·

100 2326 180 2390 quas
202 2308 329 2390 quisque
350 2309 485 2373 uoluerit
507 2307 619 2386 dicere,
649 2299 878 2391 turpitudinum
900 2309 997 2374 iacere
1019 2327 1094 2390 quas
1116 2307 1214 2373 libido

99 2411 281 2476 confinxerit
309 2413 400 2494 atque
427 2411 647 2495 excogitauerit
669 2411 794 2476 formas.
828 2415 859 2478 et
881 2411 1033 2478 incuriam
1055 2411 1143 2476 nobis
1165 2410 1214 2474 iu·

100 2513 228 2578 tendere
242 2515 308 2578 tam
322 2514 486 2579 infamium
500 2531 561 2578 non
576 2515 755 2580 erubescitis
770 2515 942 2586 numinum,
958 2535 1028 2580 oum
1044 2514 1085 2579 sit
1100 2513 1215 2579 rectius

61 2616 202 2681 aemulto
237 2617 306 2681 deos
340 2635 405 2680 esse
438 2634 498 2681 non
525 2617 646 2682 credere
684 2636 775 2699 quam
803 2636 868 2683 esse
893 2619 964 2683 illos
991 2618 1069 2684 tales
1096 2617 1215 2699 talique

99 2719 327 2785 existimatione
355 2719 486 2784 sentire?
518 2722 569 2785 sed
599 2720 697 2801 poetis
719 2721 932 2785 tantummodo
954 2720 1045 2786 licere
1067 2718 1211 2785 uoluistis
1224 2724 1264 2787 tt

99 2823 245 2908 indignas
268 2824 305 2888 de
328 2823 375 2887 dis
397 2823 518 2888 fabulas
541 2825 573 2888 11
588 2822 745 2906 flagitiosa
759 2825 894 2889 ludibria
909 2825 1119 2891 comminisci?
1140 2823 1215 2906 quid

100 2926 287 3011 pantomimi
313 2927 424 3007 uestri,
454 2925 530 3009 quid
551 2926 731 3006 histriones,
759 2927 833 3009 quid
858 2928 915 2992 1111
937 2928 1103 2992 mimorum
1125 2929 1217 3008 atque

102 3029 216 3096 exoleti
249 3029 367 3112 generis
400 3030 592 3094 multitudo?
627 3047 726 3095 nonne
758 3029 798 3095 ad
830 3051 920 3096 usum
951 3027 956 3116 1
987 3033 1131 3112 quaestus
1165 3029 1282 3093 sulcos

64 3156 90 3196 aa
101 3132 276 3198 abutuntur
300 3133 347 3198 dis
375 3133 487 3198 uestris
513 3134 544 3196 ot
566 3134 721 3198 lenocinia
743 3135 939 3218 uoluptatum
962 3153 997 3198 cx
1018 3131 1140 3198 iniuriis
1163 3132 1216 3197 ad-

102 3235 232 3301 trabunt
253 3235 507 3318 contumeliisque
530 3235 666 3300 diuinis?
698 3235 805 3301 sedent
826 3236 858 3301 in
880 3233 1063 3318 'spectaculis
1085 3235 1217 3318 publicis

102 3340 298 3404 sacerdotum
313 3337 450 3404 omnium
465 3339 747 3422 magistratumque
762 3338 902 3423 collegia,
917 3338 1075 3421 pontifices
1089 3336 1217 3403 maximi
1320 3437 1322 3441 ι

140 3543 155 3595 1
173 3535 288 3611 quibust
297 3557 375 3610 quam
390 3541 440 3597 aas
574 3541 692 3596 uiolatur
703 3541 844 3595 Macrales
860 3545 998 3608 taosqacm
1015 3540 1143 3595 coodicc:
1160 3540 1217 3594 uio·
1245 3594 1249 3607 ,

101 3629 160 3682 lata
178 3628 204 3681 P
330 3629 347 3682 3
365 3631 449 3682 certae
467 3628 521 3682 Scb
647 3627 665 3685 4
681 3625 828 3695 plebiscitis
845 3625 900 3680 Sab
1028 3627 1045 3680 6
1062 3625 1104 3679 dis
1118 3627 1150 3680 11
1167 3626 1218 3680 diis

103 3728 167 3767 corr
179 3712 207 3765 P
295 3713 350 3782 uec]
370 3729 400 3766 ac
411 3713 467 3768 Sub
535 3717 551 3768 7
568 3713 699 3766 mererent
716 3711 771 3766 Sub
873 3711 890 3764 8
906 3711 1027 3780 iniurias]
1046 3713 1218 3781 iuterrogati-

102 3799 165 3853 ona‘s
181 3800 287 3868 abacos
298 3799 381 3870 posui
486 3799 503 3852 9
521 3814 594 3853 secus
612 3797 667 3852 Sub
771 3797 805 3851 10
821 3797 1011 3866 magistratum
1029 3796 1099 3852 Sub.-
1120 3797 1221 3866 magis-

102 3886 199 3956 tratui
212 3903 239 3956 P
340 3901 495 3962 elusor
595 3901 628 3954 11
646 3899 742 3953 seuera
754 3900 864 3969 seips.-
881 3899 936 3953 sus
947 3900 975 3953 P
1054 3901 1086 3954 13
1104 3899 1136 3954 oe
1151 3900 1221 3954 uua

103 3987 293 4042 libussicScb
371 3986 404 4041 14
415 3987 531 4040 counitio
544 3987 572 4040 P
649 3984 825 4039 1511118111.ι
839 3985 953 4041 solitiP
966 3986 1017 4039 soli
1028 3985 1066 4039 dii
1080 3985 1154 4040 Soloe

105 4075 139 4128 16
162 4089 226 4142 quos
248 4073 300 4143 ius]
323 4072 431 4142 quosuis
454 4071 508 4128 sac
644 4071 676 4124 18
699 4070 853 4125 confinxerit
876 4072 941 4127 Urs.-
968 4070 1105 4126 confixerit
1127 4072 1155 4126 P

103 4159 140 4212 22
158 4159 198 4212 dis
216 4159 248 4212 11
263 4157 315 4212 diis
333 4173 392 4213 coar
403 4158 431 4211 P
527 4155 690 4210 comminisci
702 4156 772 4210 Sub:
790 4156 923 4210 commissi
935 4157 963 4210 P
1047 4158 1082 4211 25
1098 4157 1220 4211 abutitur

105 4244 162 4300 Scb
173 4245 205 4298 io
216 4260 261 4298 err
363 4244 404 4298 dis
422 4245 453 4297 11
470 4243 521 4296 diis
539 4257 599 4297 corr
617 4243 645 4296 P
746 4242 889 4296 attrabunt
908 4242 973 4296 Urs.-
992 4242 1112 4296 adtrahit
1128 4243 1156 4294 P

104 4332 140 4384 26
152 4329 380 4398 contumelliisque
394 4329 494 4394 Pcorr
595 4327 685 4382 sedent
704 4327 794 4382 Solon:
811 4327 884 4381 sedet
901 4328 929 4382 P
945 4327 1036 4382 sedant
1054 4330 1081 4382 et
1098 4327 1153 4396 Spb

106 4416 141 4470 27
158 4415 416 4484 magistratuumque
434 4413 488 4470 Sab
