2950 5006
601 445 700 502 Liber
722 447 743 501 1.
888 530 892 538 Ι
1184 447 1228 514 39

111 619 283 702 antiquitas
304 617 484 702 plenissima
505 620 605 685 mater
626 619 669 684 sit
689 619 721 683 et
743 637 803 684 non
824 617 891 700 ipsa
923 617 1075 702 pepererit
1106 636 1155 684 res
1176 636 1227 684 aas

112 741 191 805 quae
223 721 419 805 turpissimas
452 721 511 787 diis
543 722 632 786 notas
663 720 875 804 ignominiosis
909 720 1167 788 conoinnauerunt
1193 720 1226 784 in

112 824 235 892 fabulis.
274 824 345 890 ante
366 824 456 890 milia
477 824 558 890 enim
581 842 731 888 annorum
753 824 857 890 decem
878 843 939 890 non
960 824 1126 905 potuerrmt
1147 824 1227 889 falsa

112 930 144 994 et
165 928 267 994 audiri
289 928 321 992 et
342 927 423 994 credi
444 928 499 993 aut
520 943 580 991 non
603 926 805 1020 simillimum⁸
820 926 887 992 ueri
908 927 966 1008 est,
999 925 1091 992 fidem
1114 926 1225 992 uicinis

88 1032 146 1110 pet
165 1030 307 1096 finitimis
330 1047 423 1112 quam
445 1029 614 1112 spatiorum
646 1029 745 1094 inesse
766 1028 994 1112 longinquitate
1016 1028 1225 1094 distantibus?

110 1133 244 1218 testibus
266 1133 348 1198 euim
369 1132 460 1215 haec,
493 1131 549 1196 illa
576 1131 769 1213 opinionibus
792 1130 974 1197 adseruntur
1001 1133 1032 1196 et
1059 1130 1225 1213 procliuius

110 1236 211 1301 multo
234 1235 289 1318 est,
312 1235 416 1300 minus
438 1234 558 1300 eseein
579 1234 752 1300 recentibus
773 1232 907 1299 fictionis
931 1253 1024 1316 quam
1044 1233 1077 1298 in
1099 1233 1225 1315 antiqua

111 1337 298 1403 obscuritate
326 1336 497 1402 summotis.
535 1335 589 1402 sed
616 1336 654 1401 ab
684 1335 816 1401 indoctis
844 1335 1020 1400 hominibus
1043 1335 1074 1401 et
1096 1334 1222 1400 rudibus
1234 1343 1273 1404 58

111 1441 226 1522 scripta
248 1440 322 1504 suut
343 1440 374 1504 et
395 1439 508 1504 idcirco
530 1455 592 1504 non
614 1442 685 1503 sunt
699 1437 786 1504 facili
801 1437 958 1503 auditione
974 1437 1130 1504 credenda.
1153 1438 1223 1502 uide

75 1562 149 1608 rone
170 1542 270 1626 magis
292 1541 366 1607 haec
387 1540 495 1607 fortior
517 1559 608 1606 causa
629 1540 680 1619 sit,
704 1558 757 1604 cur
770 1540 827 1604 illa
841 1540 904 1606 sint
919 1539 1015 1604 nullis
1031 1539 1225 1622 coinquinata

110 1643 286 1725 mendaciis,
309 1644 412 1708 mente
433 1642 569 1726 simplici
584 1643 706 1724 prodita
721 1643 752 1708 et
770 1643 878 1725 ignara
892 1642 1052 1708 lenociniis
1067 1642 1223 1730 ampliare.

109 1748 244 1814 trinialis
268 1748 299 1814 et
321 1747 461 1814 sordidus
482 1765 582 1813 sermo
610 1748 665 1812 est.
695 1765 864 1828 numquam
882 1746 965 1811 cuim
979 1746 1094 1812 ueritas
1110 1746 1227 1812 sectata

110 1853 157 1916 est
178 1849 285 1916 fucum
315 1869 371 1916 neo
398 1848 477 1932 quod
510 1849 700 1932 exploratum
723 1851 755 1914 et
777 1851 894 1915 certum
916 1851 964 1915 est
985 1848 1170 1915 circumduci
1193 1867 1225 1914 se

56 2023 64 2030 ,
109 1954 230 2037 patitur
251 1952 399 2018 orationis
421 1971 475 2036 per
496 1951 649 2017 ambitum
677 1951 856 2036 longiorem.
893 1951 1085 2018 collectiones
1113 1952 1225 2036 enthy-

75 2059 245 2124 1ememata
278 2057 468 2123 definitiones
506 2057 667 2138 omniaque
702 2056 759 2122 illa
797 2057 976 2122 ornamenta
1006 2057 1117 2140 quibus
1150 2055 1224 2120 fides

109 2160 268 2244 quaeritur
289 2161 455 2226 adsertioni
477 2160 666 2244 suspicantes
689 2160 853 2240 adiuuant,
887 2177 947 2224 non
969 2159 1111 2225 ueritatis
1134 2158 1225 2225 linia-

109 2265 215 2330 menta
249 2262 469 2328 demonstrant.
507 2264 641 2328 ceterum
674 2263 726 2345 qui
759 2262 834 2342 soit,
869 2262 942 2344 quid
971 2262 1013 2327 sit
1042 2261 1122 2327 illud
1144 2261 1225 2344 quod

108 2367 236 2442 dieitur,
270 2385 325 2432 nec
357 2366 464 2432 definit
489 2383 544 2432 neo
572 2366 693 2450 colligit
725 2384 822 2448 neque
850 2365 912 2430 alia
934 2347 1069 2431 se'ctatur
1092 2363 1224 2430 artificia

108 2470 286 2550 uerborum,
309 2469 420 2551 quibus
444 2468 510 2551 capi
533 2470 669 2534 consueti
683 2469 755 2534 sunt
770 2468 930 2534 audientes
945 2469 977 2534 et
992 2469 1030 2534 ad
1046 2485 1223 2533 consensum
1280 2455 1283 2464 ’
1316 2458 1328 2471 “

71 2573 152 2662 aerei
180 2572 472 2655 circumscriptionis
501 2572 683 2637 necessitate
712 2571 841 2636 traduci.
878 2570 1091 2650 barbarismis,
1125 2571 1221 2636 soloe·
1234 2577 1273 2640 tl

107 2676 213 2742 eisms
235 2675 352 2764 obsitae
375 2675 457 2753 sunt
483 2674 488 2758 Ι
512 2675 623 2757 inquit,
646 2693 694 2740 res
716 2675 836 2756 uestrae
858 2674 890 2738 et
912 2674 1060 2739 uitiorum
1075 2663 1292 2739 deformi-'rae

106 2778 170 2842 tate
192 2778 338 2860 pollutae.
375 2777 504 2861 puerilis
527 2797 599 2843 sane
621 2779 714 2859 atque
737 2776 859 2860 angusti
875 2777 1007 2859 pectoris
1020 2775 1221 2858 reprehensio,

107 2899 201 2964 quam
223 2881 250 2944 si
273 2880 475 2946 admittemus
497 2883 536 2945 nt'
555 2899 629 2946 uera
650 2880 707 2959 sit,
730 2879 900 2944 abiciamus
922 2896 958 2944 ex
980 2878 1087 2945 usibus
1108 2878 1221 2944 nostris

107 2983 299 3066 quorundam
327 2982 485 3049 fmotnum
513 3002 639 3068 genera,
673 2984 753 3065 quod
782 3002 852 3048 cum
880 2982 976 3066 spinis
1002 2983 1170 3048 nascuntur
1192 2983 1223 3048 et

72 3105 97 3145 ae
106 3085 319 3170 purgamentis
342 3086 428 3165 aliis,
457 3105 534 3168 quae
555 3105 611 3150 nec
632 3086 713 3150 alere
734 3103 788 3150 nos
810 3086 938 3168 possunt
960 3104 1015 3150 nec
1035 3085 1140 3150 tamen
1160 3084 1223 3149 im·

105 3188 238 3270 pediunt
259 3187 376 3270 perfrui
396 3206 452 3254 nos
474 3206 519 3268 eo,
542 3191 621 3271 quod
642 3188 854 3270 principaliter
876 3221 890 3251 s
908 3187 1061 3254 antecedit
1083 3189 1114 3253 et
1139 3189 1223 3252 salu·

106 3290 276 3357 berrirnum
297 3290 385 3356 nobis
408 3291 508 3357 uoluit
529 3309 594 3356 esse
609 3291 728 3356 natura.
752 3291 827 3373 quid
842 3290 925 3356 enim
940 3290 1045 3370 officit,
1067 3308 1220 3374 equesen,

108 3393 163 3458 aut
185 3411 278 3475 quam
300 3394 438 3476 praestat
458 3393 630 3459 intellectui
652 3393 839 3475 tarditatem,
862 3395 1007 3460 utrumne
1028 3393 1101 3476 quid
1116 3393 1223 3478 glabre

141 3682 157 3736 1
175 3696 268 3750 eaeque
285 3698 319 3736 m.
338 3680 374 3736 ol.
392 3680 420 3734 P
520 3680 538 3734 4
555 3680 631 3750 gredi
650 3682 674 3734 P
689 3697 751 3736 corr
852 3681 869 3734 6
886 3681 1030 3751 proelibius
1047 3683 1075 3736 P
1091 3697 1153 3739 corr

105 3767 141 3822 10
157 3782 218 3820 eum
229 3766 290 3823 ,Sub
415 3765 448 3819 11
466 3765 599 3820 mendacis
616 3770 644 3820 P
658 3782 721 3821 corr
738 3783 752 3822 e
876 3766 1003 3822 lenocinia
1022 3768 1046 3820 P
1061 3783 1122 3822 corr
1140 3784 1154 3822 c

106 3851 140 3907 13
158 3857 184 3906 ct
201 3855 302 3906 certum
318 3855 346 3905 P
445 3852 478 3906 16
495 3851 637 3906 adsertioni
659 3852 724 3907 Ura:
748 3851 909 3908 adsertionis
926 3853 952 3904 P
1051 3851 1181 3907 adiubant
1197 3854 1224 3904 P

105 3951 194 3992 cerro
294 3936 328 3992 21
344 3936 439 4007 inquid
450 3939 547 3994 Pcorr
649 3941 754 3994 nostrae
771 3939 827 3996 Sub
839 3957 902 3996 corr
912 3942 944 3996 tn
956 3957 1002 3996 err
1103 3939 1136 3994 22
1148 3940 1221 3994 sanie

105 4027 132 4078 P
147 4038 209 4077 corr
311 4021 396 4092 adque
413 4027 439 4077 P
448 4039 536 4078 corre
637 4026 671 4079 23
688 4027 861 4082 admittemur
877 4025 1105 4082 Hildebrcude'ue:
1123 4025 1220 4080 admit-

104 4108 439 4164 teremusPadrnittimns
456 4109 510 4164 Ure
610 4110 785 4168 aemma
796 4110 1222 4184 ripaeursbeeretdieeeutderar

104 4194 254 4248 allicientia
276 4194 322 4250 uel
343 4194 428 4248 amsla
448 4192 516 4264 quid
652 4197 685 4250 27
707 4198 794 4252 uoluit
816 4199 870 4253 See
892 4199 925 4254 ia
942 4213 1002 4254 err:
1023 4197 1112 4252 ualuit
1128 4199 1155 4250 P

104 4296 134 4334 m
151 4281 177 4332 P
277 4279 312 4333 28
329 4279 439 4336 inleotni
456 4269 581 4347 Pporrc
677 4283 846 4338 *miditatem
858 4283 885 4337 P
987 4283 1080 4354 glabre
1096 4283 1221 4340 Grotius.-

103 4383 186 4436 grane
203 4367 231 4421 P
