2916 5010
230 497 273 565 78
532 491 673 548 hrncbii
697 473 858 548 aduersus
883 493 1040 550 nationes

231 667 463 734 obscenissimas
484 667 578 760 seriae
592 666 717 752 umoris.
741 669 793 732 sed
814 665 948 732 habitari
970 666 1106 750 oportuit
1120 665 1221 731 ethus
1235 665 1349 748 partis,

232 772 395 838 etidcirco
416 771 476 835 huc
497 769 615 835 animas
636 771 794 852 tamquam
816 769 848 836 in
865 769 997 835 colonias
1019 769 1137 852 aliquas
1157 769 1231 834 deus
1246 768 1351 833 omni-

231 876 339 959 potens
360 872 457 939 misit.
492 873 524 939 et
545 873 620 955 quid
641 873 780 940 homines
803 875 933 956 prosunt
947 873 1061 938 mundo
1076 873 1131 939 aut
1145 872 1184 937 ob
1198 873 1244 939 rei
1259 872 1352 938 cuius

232 977 306 1044 sunt
326 976 488 1042 necessarii
509 993 642 1056 oausam,
666 977 701 1041 ut
723 995 782 1042 non
797 976 913 1042 frustm
928 973 1070 1043 debuisse
1085 975 1247 1042 credantur
1260 973 1353 1058 parte

232 1081 265 1146 in
291 1081 348 1146 hac
376 1099 466 1165 agere
494 1081 525 1146 et
551 1079 666 1146 terreni
693 1098 759 1146 asse
787 1080 920 1164 corporis
947 1080 1116 1164 inquilini?
1147 1077 1186 1144 ad
1207 1095 1390 1144 consum-r

232 1187 376 1250 mandam
402 1183 494 1249 molis
521 1182 613 1248 huius
635 1183 849 1267 integritatem
875 1184 996 1267 partem
1022 1181 1158 1267 aliquem
1180 1179 1353 1258 conferunt,

234 1288 265 1353 et
286 1288 346 1353 nisi
368 1287 483 1352 fuerint
498 1286 607 1365 additi,
629 1286 797 1369 inperfecte
817 1287 848 1352 et
862 1286 971 1354 clauda
987 1287 1033 1351 eet
1047 1283 1260 1351 uniuersitatis
1274 1284 1356 1350 baec

234 1393 375 1456 summa?
397 1390 470 1472 quid
493 1408 573 1474 ergo,
596 1391 622 1454 si
638 1390 776 1455 homines
790 1407 850 1454 non
865 1390 938 1469 sint,
960 1389 999 1454 ab
1015 1386 1124 1454 officiis
1139 1388 1203 1453 suis
1218 1387 1356 1453 cessabit

193 1499 197 1509 ‘
233 1493 377 1571 mundus,
401 1491 630 1560 uicissitudiuea
653 1511 724 1558 suas
739 1510 798 1558 non
812 1493 962 1576 peragent
976 1491 1088 1571 sidera,
1112 1492 1243 1557 aestates
1258 1492 1356 1572 atque

234 1595 350 1660 hiemes
365 1612 423 1662 nou
440 1598 539 1675 erunt,
563 1591 724 1662 uentorum
737 1596 864 1662 flamina
882 1595 1086 1661 conticescent
1107 1612 1162 1661 nec
1183 1613 1219 1660 er
1238 1594 1391 1660 coemere

236 1699 268 1763 et
288 1697 492 1782 pendentibus
520 1699 636 1764 nubilis
658 1696 697 1763 ad
718 1698 835 1765 terram
856 1696 997 1763 decident
1018 1697 1133 1764 imbres
1155 1696 1357 1762 ariditatibus

235 1801 476 1882 temperamenta
503 1800 619 1866 laturi?
652 1801 761 1884 atquin
787 1817 907 1866 necesse
934 1801 981 1865 est
1008 1800 1118 1866 cunda
1140 1817 1211 1866 suos
1232 1799 1278 1864 ire
1300 1818 1358 1882 per

236 1922 341 1969 cursus
363 1920 418 1968 nec
439 1904 477 1968 ab
490 1904 614 1979 ordinis
637 1905 703 1970 nati
725 1900 950 1970 continuatione
965 1902 1128 1983 discedere,
1151 1903 1274 1968 etiamsi
1297 1919 1357 1966 no-

236 2025 309 2072 men
330 2006 363 2070 in
379 2007 492 2071 mundo
507 2007 628 2074 nullum
648 2007 781 2073 hominis
796 2007 938 2072 audiatur
960 2006 1101 2089 orbisque
1120 2007 1180 2071 iste
1200 2006 1358 2071 terrarum

169 2118 188 2171 r.
196 2119 230 2169 es
238 2109 413 2175 solitudinis
445 2127 559 2175 uacuae
591 2110 715 2175 silentio
740 2107 745 2196 Ι
771 2109 957 2176 conticiscet.
997 2107 1254 2192 quemadmodum
1282 2124 1393 2192 ergon

237 2212 378 2291 iactatur,
412 2212 616 2278 habitatorem
645 2212 786 2278 debuisse
813 2212 988 2297 regionibus
1020 2212 1069 2276 his
1095 2210 1182 2291 addi,
1216 2229 1287 2276 cum
1316 2211 1358 2277 ab

213 2316 359 2382 bomine
379 2315 503 2398 liqueat
529 2315 608 2380 nihil
630 2307 684 2380 ad‘
697 2314 804 2379 mundi
831 2313 1049 2396 perfectionem
1072 2314 1170 2380 redire
1191 2312 1358 2396 omniaque

239 2417 304 2484 eius
326 2418 428 2484 studia
450 2418 700 2484 commoditatem
722 2435 842 2500 semper
863 2417 998 2500 spectare
1011 2417 1164 2500 priuatam
1181 2435 1237 2484 nec
1250 2435 1269 2481 a
1283 2415 1357 2482 fini·

192 2520 299 2587 aetus
320 2522 458 2606 propriae
485 2519 634 2586 utilitatis
661 2519 845 2586 abscedere?
877 2520 951 2602 quid
974 2520 1056 2585 enim
1082 2519 1208 2602 prodest
1228 2518 1356 2598 mundo,

240 2627 276 2690 ot
297 2625 336 2690 ab
364 2625 455 2691 rebus
483 2624 629 2707 incipiam
656 2623 759 2704 seriis,
792 2625 940 2689 maximos
969 2640 1057 2706 reges
1084 2621 1135 2686 hio
1162 2625 1249 2687 esse?
1282 2621 1393 2705 quidet

239 2729 394 2811 tyrannos,
410 2727 484 2810 quid
499 2727 646 2806 dominos,
670 2727 745 2809 quid
758 2727 934 2792 innumeras
949 2725 1026 2791 ahos
1041 2725 1133 2807 atque
1147 2723 1358 2806 amplissimas

240 2833 429 2916 potestates?
461 2831 536 2914 quid
564 2830 607 2895 rei
635 2830 780 2897 militaris
803 2829 1080 2914 experientissimos
1102 2828 1203 2908 duces,
1235 2829 1358 2912 capien-

241 2935 351 3000 darum
372 2935 497 2999 urbium
517 2935 650 3017 peritos,
673 2934 707 2998 in
729 2932 921 3017 equestribus
943 2931 1067 3016 proeliis
1090 2932 1199 2996 autin
1221 2931 1360 3014 pedestri

241 3056 347 3123 pugna
373 3037 548 3102 immobiles
576 3037 669 3121 atque
696 3036 917 3102 inuictissimoe
945 3033 1086 3100 milites?
1119 3033 1195 3116 quid
1222 3035 1360 3099 oratores

243 3139 459 3225 grammaticos
503 3139 632 3222 poetas?
671 3139 745 3222 quid
787 3139 947 3224 scriptores
989 3136 1164 3202 dialecticos
1200 3136 1395 3205 musicos?a

243 3242 318 3326 quid
352 3242 571 3326 pantomimos,
615 3241 689 3324 quid
725 3240 870 3307 mimulos
908 3240 1072 3306 histriones
1108 3239 1247 3304 cantores
1284 3239 1363 3305 tuba

243 3345 330 3411 tibiis
353 3345 529 3428 calamoque
549 3344 713 3410 flatantes?
746 3343 820 3427 quid
852 3359 1004 3422 cursores,
1035 3340 1108 3425 quid
1140 3340 1262 3426 pugiles
1283 3359 1363 3422 qua·

244 3449 393 3534 drigan'os
421 3449 588 3514 desultores
625 3448 806 3532 grallatores
840 3445 1048 3512 funiambulos
1084 3443 1363 3529 praestigiatores?

244 3551 318 3635 quid
350 3551 479 3634 picarios
513 3551 693 3616 salinatores
729 3550 853 3616 bolonas
885 3549 1103 3635 unguentarios
1138 3546 1276 3613 aurifices
1305 3565 1364 3612 au·

280 3911 530 3966 lubecensium
548 3907 646 3962 saeriar
664 3908 691 3962 P
825 3905 1039 3976 umoriatuddidi
1077 3943 1078 3948 κ
1174 3907 1295 3974 perteso

244 3997 343 4052 4sunt
357 3997 421 4052 Gal:
440 3994 536 4049 sintP
636 3992 783 4048 biterrensis
796 3994 897 4049 Pcorr
997 3991 1294 4047 8ceseanitPcorrc⁴

246 4083 279 4138 12
296 4082 395 4152 adquin
415 4081 442 4135 P
459 4094 520 4134 corr
656 4078 689 4132 13
707 4095 799 4134 currus
817 4077 887 4134 Sub:
913 4093 1018 4132 cursum
1036 4077 1063 4131 P
1199 4076 1234 4131 20
1250 4076 1323 4145 repis
1342 4076 1370 4131 P

246 4184 340 4224 corre
440 4163 475 4222 23
492 4168 539 4220 aut
555 4166 593 4219 im
611 4164 726 4241 pedestri
742 4166 869 4221 Pcorcr
969 4163 1004 4218 24
1020 4162 1171 4217 immouilee
1189 4163 1217 4216 P
1233 4177 1296 4218 corr

245 4252 437 4308 iubictissimos
455 4252 482 4306 P
499 4267 560 4308 corr
661 4251 694 4304 27
712 4249 781 4306 tibia
798 4250 853 4305 Sub
953 4248 988 4304 28
1007 4248 1165 4318 grallatores
1183 4247 1255 4302 Sub:
1277 4247 1365 4318 galla·

246 4341 316 4393 tores
334 4340 362 4394 P
461 4339 495 4394 29
512 4339 573 4409 qui*¹
590 4337 619 4390 P
696 4315 829 4404 'picarios
846 4335 958 4404 accipet.-
984 4335 1099 4404 pigarioa
1118 4334 1146 4388 P
1171 4331 1289 4404 bigarios
1308 4333 1365 4389 Sub

246 4423 377 4494 cybiarios
396 4405 471 4481 saud
572 4423 680 4478 uonna
698 4420 753 4476 sao
