2950 5006
246 466 289 534 48
549 464 695 521 Arnobii
718 466 882 522 oduersus
902 466 1058 522 ustiones

248 639 353 704 culum
374 636 574 723 ignorationis
595 635 732 701 smouit?
759 635 812 718 qui
835 636 861 702 si
883 637 994 721 dignus
1022 656 1082 703 non
1104 639 1196 717 esset,
1219 638 1270 704 cui
1291 657 1370 704 aus-

247 740 363 807 cultare
378 740 528 807 deberetis
543 739 574 804 et
589 739 718 818 credere,
742 739 794 805 oel
808 739 866 806 hoc
885 741 951 823 ipso
966 739 1067 806 fueret
1082 758 1142 807 non
1156 742 1370 824 espemendns

247 843 391 921 euobis,
421 842 501 926 quod
528 841 675 907 salutaria
696 841 784 907 uobis
807 842 993 921 ostenderet,
1021 843 1101 927 quod
1126 845 1193 910 uias
1215 845 1302 911 uobis
1327 846 1370 910 sd

247 947 367 1012 ceolum
388 947 419 1010 et
440 949 513 1011 uots
534 944 779 1010 immortalitatis
802 946 965 1028 oporteret.
1002 947 1035 1012 ot
1056 946 1139 1010 enim
1160 947 1229 1013 odio
1252 947 1369 1032 dignus

247 1051 311 1128 est,
339 1047 419 1132 quod
441 1067 477 1113 ex
499 1046 570 1112 orbe
592 1047 755 1132 religiones
778 1049 910 1132 expulit,
933 1048 1014 1131 quod
1035 1050 1074 1115 sd
1096 1049 1222 1116 deorum
1243 1051 1369 1132 cultum

246 1151 403 1236 prohibuit
425 1149 536 1216 accedi.
573 1167 683 1234 ergone
711 1151 765 1216 ills
787 1141 944 1235 religionis
966 1153 1117 1218 extinctor
1139 1157 1170 1219 et
1191 1154 1369 1238 impietatis

247 1258 352 1322 auctor
379 1253 534 1337 arguitur,
568 1254 621 1335 qui
649 1273 756 1320 ueram
780 1255 814 1342 in
841 1255 912 1320 orbe
938 1255 1119 1340 religionem
1139 1256 1276 1336 induxit,
1310 1259 1370 1340 qui

246 1545 301 1598 tior
323 1545 353 1598 in
377 1559 433 1614 nep:
463 1542 653 1610 Trenspositio.
684 1541 721 1596 ad
749 1543 833 1597 nerto
857 1537 970 1611 quedem
1000 1543 1137 1600 dulcedine
1161 1548 1241 1615 atque
1266 1563 1370 1600 mareas

246 1630 305 1684 alia
320 1630 469 1694 recentior,
497 1643 564 1696 puae
581 1645 597 1680 r
615 1643 670 1682 esse
687 1627 810 1689 niddar,
837 1630 947 1697 scripsit
968 1628 1040 1684 Heec
1065 1629 1160 1684 desunt
1181 1631 1210 1684 in
1228 1631 1370 1700 impressis

245 1717 374 1772 hactenus
396 1713 536 1770 codicibus.
561 1713 655 1768 cudens
672 1719 775 1768 rectura
792 1714 852 1780 scre
869 1714 991 1768 ordinem
1010 1715 1161 1770 oesseaen:
1188 1717 1254 1771 nicta
1274 1719 1370 1786 infra.

124 1782 127 1790 ’
239 1807 376 1872 aneso
393 1801 475 1856 rena
492 1815 588 1856 mnus
605 1801 739 1856 recator
750 1799 859 1854 nanc
871 1801 898 1869 p
912 1815 941 1854 οι
953 1799 1000 1856 ro.
1014 1816 1025 1854 1
1042 1803 1261 1870 temporinos
1278 1803 1371 1860 arse-

244 1888 315 1944 tenio
326 1892 352 1941 rt
370 1887 468 1942 Ursino
478 1886 569 1953 sactae
580 1886 686 1940 ratione
703 1886 801 1940 lrobita.
820 1886 866 1940 ille
884 1887 954 1940 enim
970 1887 1056 1964 nerlra
1066 1889 1096 1940 st
1108 1887 1178 1972 enim
1191 1888 1251 1944 odio
1263 1889 1372 1958 dignus
1468 1887 1469 1890 ’

244 1977 286 2029 est
302 1999 340 2034 rer
358 1973 463 2042 (deletis
480 1972 571 2027 uerbis
587 1972 616 2025 in
634 1973 741 2027 cunctos
763 1973 851 2026 lumen
872 1972 1101 2041 praetenderit-
1118 1977 1183 2029 uota
1205 1976 1372 2031 immortali·
1468 1975 1469 2032 ξ

243 2061 309 2115 totis
344 2061 460 2129 optaret)
489 2090 522 2098 -
551 2060 663 2128 quadem
693 2058 830 2113 dulcedine
859 2055 938 2128 atoue
969 2085 1006 2118 ns
1034 2062 1137 2114 nectare
1166 2060 1235 2115 ebrii
1267 2065 1372 2116 cuncta

243 2149 414 2201 contemnent
447 2150 577 2214 qnattnor
609 2145 711 2199 nltirnis
743 2143 834 2198 nentis
864 2151 976 2213 praeter
1005 2161 1038 2199 ne
1073 2147 1179 2201 litteras
1207 2149 1373 2203 cornectnra

243 2231 357 2296 additis,
379 2232 424 2286 ln'c
446 2231 583 2286 asteriscis
599 2233 631 2285 in
647 2247 691 2300 np
705 2231 803 2300 positis
828 2231 913 2284 nerto
937 2229 964 2284 in
992 2234 1099 2286 cunctos
1122 2233 1259 2310 etlumen
1288 2248 1372 2302 prae

243 2318 360 2372 teuderit
383 2348 416 2358 -
440 2317 554 2386 quadem
582 2316 720 2372 dulcedine
749 2320 828 2385 etque
856 2317 887 2370 in
915 2317 1014 2371 lrtrnrn
1036 2318 1158 2384 primun
1187 2324 1251 2374 orne
1279 2327 1373 2387 caput

243 2407 277 2460 65
299 2404 399 2458 reiecit.
433 2404 465 2458 in
488 2401 604 2458 secando
628 2401 697 2456 titre
721 2402 787 2456 iaec
807 2402 905 2456 tabent
922 2405 954 2456 ut
972 2404 1035 2472 (pro
1053 2405 1091 2472 et)
1108 2418 1162 2458 non
1179 2425 1228 2462 rer·
1245 2402 1373 2460 omnium

243 2489 376 2544 uirtutum
394 2514 431 2546 ers
449 2518 481 2529 -
500 2489 630 2543 melorum
655 2489 731 2541 tants
761 2488 909 2557 experiatur
935 2488 1075 2543 examinet
1109 2489 1234 2544 utrumne
1260 2493 1371 2557 (utrum

248 2573 307 2643 Get)
325 2575 403 2628 illum
420 2573 499 2628 tellus
517 2595 565 2632 nro
582 2589 604 2626 e.
622 2589 647 2641 p.
665 2588 685 2627 s.
709 2573 809 2642 reliqui
831 2572 947 2628 editores
963 2573 1075 2628 secern
1096 2574 1161 2629 istri
1177 2577 1246 2643 fines
1263 2581 1374 2646 epressp'

243 2677 301 2715 non
328 2666 400 2716 snnt.
437 2660 571 2715 Cerneres
593 2659 739 2713 nerbasis
764 2661 933 2726 transponit
955 2662 1061 2713 utnon
1085 2660 1204 2714 omnium
1227 2661 1372 2718 uirtutum

243 2763 330 2802 rmore
357 2747 386 2801 in
412 2747 520 2800 cunctos
546 2747 574 2799 et
598 2745 688 2800 lumen
713 2745 891 2814 praetenderit
918 2775 951 2784 -
977 2745 1091 2814 quedem
1120 2745 1256 2818 dulcedine
1280 2749 1372 2816 atque

243 2847 330 2887 amore
358 2834 457 2901 (amore
483 2830 602 2897 admit)
628 2831 741 2899 correpti
769 2831 889 2900 cognitis
907 2861 940 2869 —
963 2831 1093 2886 melorum
1116 2833 1194 2886 tante
1214 2833 1373 2903 experiatur

244 2917 381 2973 examina?
410 2919 502 2971 utrum
531 2916 607 2970 illum
636 2916 717 2970 tellus
741 2932 762 2968 e.
780 2933 805 2985 p.
822 2933 844 2970 s.
862 2932 975 2984 cnrnpne
1001 2923 1107 2972 secutas
1134 2923 1172 2971 cst
1198 2917 1372 2972 Etnentor-

243 3005 319 3058 str'ns.
350 3003 407 3056 alia
429 3003 637 3072 transpositione
659 3017 725 3056 nens
748 3007 786 3055 cst
804 3001 969 3056 Salnrasias:
998 3003 1044 3071 qui
1062 3003 1085 3055 si
1108 3002 1206 3073 dignus
1222 3019 1276 3060 non
1292 3011 1372 3061 esset
1464 3065 1465 3072 χ

243 3113 279 3148 cer
298 3119 330 3128 -
348 3090 411 3141 uota
428 3087 639 3141 immortalitatis
658 3088 774 3155 optaret,
792 3111 829 3145 aa
847 3088 878 3140 ut
895 3101 948 3138 non
960 3089 994 3140 'in
1012 3090 1119 3141 cunctos
1137 3088 1225 3142 lumen
1244 3092 1271 3142 ct
1287 3105 1372 3158 prae-

242 3175 361 3229 tenderit
377 3194 426 3230 eeeee
443 3204 476 3212 -
499 3173 628 3226 emonerit
644 3172 704 3231 rer?
734 3175 763 3225 at
792 3168 863 3225 enim
892 3171 952 3225 odio
981 3173 1080 3242 dignus
1109 3176 1150 3227 est
1167 3198 1205 3233 esp
1222 3203 1255 3214 -
1277 3173 1371 3230 veluti
1465 3199 1466 3216 r

244 3261 357 3330 quedem
392 3260 527 3315 dulcedius
563 3262 642 3328 etque
677 3258 795 3312 omnium
829 3258 964 3314 uirtutum
993 3289 1026 3298 —-
1055 3261 1184 3314 melorum
1213 3263 1289 3315 tente
1317 3277 1371 3316 ex-

243 3348 359 3416 perietur
386 3345 522 3401 examine?
552 3348 677 3400 utrumne
703 3344 782 3398 illum
805 3344 885 3398 tellus
904 3361 925 3398 e.
944 3361 968 3413 q.
987 3361 1009 3400 s.
1038 3344 1154 3400 Orelleias
1180 3353 1205 3400 et
1234 3347 1372 3404 odacrus

199 3464 202 3478 ·
244 3434 372 3488 Salmasii
389 3433 539 3502 exemptam
555 3432 653 3486 imitati
670 3436 747 3496 sant,
775 3431 829 3484 nisi
847 3431 918 3500 qnod
936 3431 978 3484 tic
995 3447 1092 3486 nanas
1108 3431 1184 3486 illins
1206 3433 1372 3490 recentiores

243 3520 358 3590 resiniis
375 3521 501 3573 insistens
513 3533 608 3586 panca
624 3516 794 3570 immntnnit:
812 3518 903 3570 utrum
920 3516 948 3570 in
966 3519 1074 3571 cunctos
1092 3519 1119 3571 et
1136 3519 1225 3572 lumen
1242 3522 1371 3588 praeten-

244 3606 364 3660 derit-
382 3605 494 3672 quadem
517 3603 654 3657 dulcedine
678 3605 705 3656 et
727 3617 797 3656 nouo
821 3605 886 3670 (pro
908 3605 971 3668 non)
995 3603 1115 3657 omnium
1136 3604 1289 3658 uirtute-
1306 3620 1370 3659 ma-

244 3692 329 3746 lorum
354 3693 431 3744 tantu
455 3689 601 3759 experietur
624 3689 745 3743 examina
767 3690 846 3756 atque
868 3703 901 3740 ne
924 3687 1003 3740 illum
1026 3687 1106 3742 tellus
1123 3705 1145 3742 e.
1170 3705 1194 3757 q.
1218 3705 1239 3742 s.
1264 3694 1288 3743 et
1312 3706 1370 3760 eqo

245 3777 445 3833 Satrnasinnorn
473 3775 634 3829 mendensis?
661 3775 795 3828 rationem
814 3777 927 3840 practer
950 3772 1044 3827 turbas
1067 3775 1099 3827 in
1122 3775 1210 3842 capite
1232 3773 1370 3839 Πασέας
1463 3801 1464 3810 ¹

244 3864 332 3931 recepi
360 3863 450 3917 scentes
479 3861 598 3915 omnium
627 3860 760 3916 uirtutum
789 3874 876 3914 amore
896 3889 930 3898 -
946 3859 1078 3913 melorum
1106 3862 1185 3936 tenta
1213 3860 1370 3930 experietur

245 3949 363 4004 oramine
388 3953 478 4004 utrum
503 3949 576 4002 inter
598 3948 682 4001 nerto
698 3948 812 4016 quedem
835 3945 972 4000 dulcedine
989 3949 1069 4016 atquc
1087 3953 1112 4001 et
1129 3949 1215 4002 nerta
1231 3964 1264 4002 ue
1280 3947 1370 4004 illum

244 4036 326 4090 tellus
344 4036 484 4091 collocatis.
508 4050 601 4102 nempe
617 4033 686 4099 folia
701 4033 732 4086 in
744 4033 833 4087 codice
851 4033 1004 4102 antiquiore
1011 4039 1171 4102 pcrnntata
1183 4040 1275 4088 erant:
1293 4049 1370 4089 cane
1462 4045 1463 4072 l

245 4122 316 4175 enim
343 4120 454 4176 Oetlero
477 4119 582 4183 credas,
609 4120 657 4187 qni
679 4119 711 4172 in
734 4118 863 4172 Parisino
885 4119 954 4172 libro
976 4118 1106 4184 soliornrn
1123 4120 1369 4188 transpositionem

244 4208 348 4272 factam
366 4223 420 4261 esse
437 4205 563 4260 soraniat.

280 4310 414 4365 lamouit
430 4308 542 4376 scripsi.-
564 4305 694 4360 amouerit
712 4306 740 4359 P
781 4277 785 4284 ¹
840 4307 970 4360 assultare
984 4307 1012 4359 P
1113 4306 1215 4376 3quod
1234 4308 1370 4368 saluteris

245 4395 322 4450 uobis
339 4393 396 4450 edd
413 4409 427 4447 c
528 4393 546 4447 4
562 4393 694 4462 epertsret
712 4389 868 4446 Heraldns:
897 4393 1002 4461 optaret
1019 4393 1047 4445 P
1062 4387 1168 4462 aptaret
1185 4394 1326 4450 Menrsins
