2916 5010
545 529 643 583 arear
662 529 699 584 11.
1134 532 1174 598 97

64 699 247 777 obscuritas,
270 701 370 764 solum
392 719 457 764 esse
477 700 726 777 indubitabilem,
754 702 856 766 solum
876 719 984 767 uerum
1007 702 1038 766 et
1059 702 1097 767 de
1119 721 1178 784 qno

65 803 173 867 nullus
207 803 362 887 ambigere
392 803 452 866 nisi
484 821 589 867 amens
620 803 718 884 possit
739 807 770 868 et
798 806 1014 886 desperationis
1043 805 1178 882 insanae,

66 924 160 987 quem
193 907 269 971 satis
306 907 348 971 sit
380 907 458 971 sciro
489 908 524 971 ut
555 906 634 972 nihil
665 907 750 972 aliud
776 909 912 992 noueris,
946 910 1047 991 sisque
1074 928 1180 974 ueram

67 1010 100 1073 ot
127 1008 294 1074 maximam
321 1009 482 1074 scientiam
513 1013 690 1075 consecutus
718 1010 750 1092 in
778 1011 827 1074 dei
855 1030 957 1094 rorum
982 1009 1128 1092 capitis·
1150 1012 1181 1073 ot

45 1112 242 1195 ecognitione
264 1112 386 1178 defixus.
416 1113 491 1194 qnid
513 1116 559 1178 est
576 1112 714 1195 tiuquit
729 1114 815 1179 uobis
837 1115 1033 1198 inuestigare,
1055 1113 1227 1196 torqui-ol

67 1231 144 1292 rere,
167 1216 308 1297 quisnam
328 1215 483 1280 hominem
505 1215 623 1292 fetant,
646 1216 819 1281 animarum
840 1211 925 1300 origo
945 1236 1022 1299 quae
1037 1216 1088 1296 sit,
1112 1216 1180 1299 quis

67 1321 223 1386 malorum
249 1317 253 1404 l
278 1318 496 1402 excogitauerit
517 1337 637 1400 causas,
661 1319 733 1384 orbe
754 1319 796 1386 sit
818 1321 864 1384 sol
886 1321 1016 1404 amplior
1037 1340 1076 1385 au
1098 1315 1252 1403 pedisssr

68 1423 164 1488 unius
186 1422 350 1486 latitudine
372 1411 528 1499 metiatur,
554 1423 653 1487 alieno
675 1441 711 1488 ex
732 1422 850 1488 lumine
871 1443 909 1488 an
930 1423 1061 1507 propriis
1082 1422 1185 1487 luceat

68 1526 243 1610 fulgoribus
265 1526 361 1590 luna?
383 1545 460 1608 quae
481 1544 578 1607 neque
601 1527 678 1592 scire
700 1527 915 1610 compendium
935 1546 1032 1609 neque
1046 1527 1185 1609 ignorare

33 1653 60 1692 ιο
70 1629 293 1694 detrimentum
315 1633 362 1693 est
385 1630 495 1693 ullum.
528 1629 680 1693 remittite
701 1629 775 1694 heae
797 1632 851 1694 deo
873 1634 966 1712 atque
987 1631 1090 1711 ipsum
1109 1629 1186 1692 scire

72 1731 241 1808 concedite,
265 1731 339 1812 quid
362 1749 456 1813 qnare
478 1732 533 1796 ant
555 1732 634 1795 unde
657 1731 709 1809 sit,
732 1732 872 1798 debuerit
887 1752 951 1798 esee
966 1735 1021 1797 ant
1036 1749 1096 1796 non
1111 1749 1186 1808 esse,

72 1834 276 1918 supernatnm
303 1834 345 1898 sit
374 1834 492 1915 aliquid
513 1853 552 1898 au
573 1835 659 1898 ortus
685 1835 885 1919 primigenios
914 1835 1040 1912 habeat,
1074 1834 1187 1900 aboleri

74 1924 236 2004 conueniat
257 1956 297 2001 an
319 1937 481 2012 reseruari,
511 1937 610 2013 exuri,
640 1937 771 2002 dissolui
792 1957 831 2003 an
852 1939 987 2020 repedita
1010 1936 1189 2019 integritate

74 2039 226 2105 renouari.
250 2039 360 2104 neside
380 2057 439 2102 non
455 2040 503 2106 ast
525 2039 695 2103 rationibus
710 2038 853 2116 liborum,
870 2040 1019 2122 inplicare
1040 2056 1095 2103 nos
1116 2037 1190 2102 tali·

39 2171 66 2211 15
76 2143 135 2207 bns
158 2145 190 2206 ct
211 2142 276 2205 tam
297 2143 416 2206 remote
437 2141 589 2205 inutiliter
611 2159 726 2206 curare.
754 2159 802 2204 ree
824 2144 925 2206 uestra
939 2143 972 2206 iu
987 2140 1114 2222 ancipiti
1130 2140 1191 2204 sita

77 2247 137 2322 est,
160 2244 244 2309 salus
267 2244 334 2309 dico
356 2245 529 2309 animarum
552 2245 735 2321 uestrarum,
760 2246 791 2308 et
811 2245 872 2309 nisi
894 2264 948 2310 uos
965 2244 1126 2326 adplicatis
1142 2243 1191 2308 dei

77 2347 227 2430 principis
259 2347 390 2428 notioni,
425 2346 675 2430 acorporalibus
707 2347 842 2411 uinculis
870 2349 1022 2413 exsolutos
1054 2346 1192 2429 expectat

78 2469 163 2516 more
196 2469 302 2524 saeua,
337 2467 397 2513 non
425 2449 616 2530 repentinam
645 2449 784 2514 adferens
818 2449 1032 2516 extinctionem
1061 2450 1114 2514 sed
1140 2467 1194 2531 par

79 2555 217 2620 tractum
237 2553 385 2635 temporis
408 2552 584 2616 cruciabilis
606 2571 720 2634 poenae
742 2553 907 2618 acerbitato
929 2569 1117 2618 consumens.
1140 2563 1242 2626 ne-ez

43 2677 141 2740 eoque
173 2656 252 2721 illud
286 2657 411 2736 obrepat
442 2656 497 2718 aut
524 2674 577 2737 spe
605 2655 693 2719 uobis
721 2656 801 2720 aeria
830 2654 1020 2738 blandiatur,
1054 2654 1133 2738 quod
1155 2656 1193 2719 ab

80 2761 187 2826 sciolis
213 2760 368 2825 nonnullis
394 2761 425 2823 et
453 2759 625 2842 plurimum
648 2759 709 2823 sibi
732 2761 952 2842 adrogantibus
980 2760 1106 2836 dicitur,
1140 2761 1194 2824 deo

82 2884 150 2930 esse
171 2883 203 2928 se
224 2864 332 2945 gnatos
353 2881 408 2927 uec
430 2862 489 2927 feti
517 2862 659 2927 obnoxios
687 2862 823 2944 legibus,
856 2864 883 2926 si
905 2863 1004 2928 uitam
1025 2862 1196 2927 restrictius
1224 2927 1232 2946 ,

83 2967 219 3052 egerint,
248 2966 350 3030 aulam
378 2966 440 3030 sibi
463 2966 528 3029 eius
549 2966 667 3046 patero,
698 2983 734 3028 ac
755 2967 826 3048 post
852 2965 986 3029 hominis
1007 2965 1196 3030 functionem

83 3069 264 3152 prohibente
286 3088 317 3133 se
339 3053 605 3150 nullo'tamquam
620 3067 652 3132 in
667 3068 770 3132 sedern
786 3068 894 3132 referri
913 3068 1077 3149 patritam3
1100 3085 1197 3149 neque

49 3172 168 3255 nequod
190 3173 274 3255 magi
296 3171 458 3254 spondent,
483 3170 752 3236 commendaticias
774 3171 885 3236 habere
907 3188 939 3234 se
961 3189 1064 3253 preces
1087 3171 1198 3253 quibus

87 3274 244 3340 emollitae
266 3275 365 3340 nescio
388 3274 464 3358 quae
486 3271 662 3355 potestates
675 3273 742 3339 uias
765 3272 868 3339 faciles
890 3275 1055 3357 praebeant
1077 3275 1115 3338 ad
1131 3293 1199 3340 cae-

87 3380 156 3442 lum
187 3377 438 3443 contendentibus
473 3376 649 3458 subsolare,
681 3395 776 3458 nequa
803 3378 884 3459 quod
905 3376 1030 3442 Etruria
1057 3375 1146 3442 libris
1168 3377 1200 3442 in

124 3596 376 3665 exasperandae
458 3581 932 3651 andreaeaouomrnoreaaae
1007 3596 1201 3665 eapioirsera'p

88 3684 115 3738 sa'
132 3689 156 3736 et
173 3683 300 3736 lucanum
316 3681 439 3751 domari:
463 3682 549 3748 capite
565 3682 593 3735 P
690 3683 717 3734 et
737 3683 824 3750 capite
841 3681 958 3735 Zinlro'aa
1063 3681 1080 3737 5
1096 3682 1203 3750 prodest

89 3769 301 3826 Klusamanaad
413 3767 508 3834 inquid
526 3767 553 3820 P
569 3783 630 3820 corr
646 3768 716 3820 onim
733 3767 800 3820 utile
823 3766 838 3820 i
949 3767 1091 3836 8propri¹s
1108 3769 1137 3822 P

90 3858 109 3911 9
126 3857 158 3909 a'a
175 3855 256 3925 rap?
362 3853 395 3906 10
412 3852 596 3907 ditrimantum
615 3853 642 3906 P
743 3852 777 3905 12
794 3854 971 3923 supomatum]
991 3869 1092 3923 semper
1109 3855 1203 3907 natum

97 3942 149 3996 Ura
251 3941 284 3994 15
299 3941 413 3992 remotas
431 3938 485 3992 dab
585 3937 721 3992 inutiliter
738 3938 809 3992 Sub:
827 3939 1016 3993 inutilitatoP
1032 3939 1066 3993 ab
1083 3939 1205 3993 utilitate

93 4027 170 4084 mom
195 4026 317 4079 inuoluta
339 4025 500 4093 antiquitate
516 4024 722 4104 Ktpaamaanaa
746 4023 839 4080 inutili
863 4024 1007 4093 sagacitate
1030 4024 1044 4078 ,9
1155 4039 1205 4079 res.

91 4115 183 4167 uestra
196 4112 250 4166 Sub
353 4111 386 4164 16
403 4110 461 4163 dico
480 4109 570 4162 Salar:
588 4107 641 4162 dici
652 4108 679 4161 P
690 4125 733 4163 om
744 4110 800 4164 aab
901 4110 934 4165 19
951 4109 1100 4166 orutiabilir
1113 4110 1141 4164 P

94 4196 281 4254 aceruitateP
397 4196 432 4249 20
448 4195 517 4264 quod
535 4195 605 4250 Sub:
631 4194 695 4263 quid
714 4195 741 4248 P
858 4196 946 4250 adab
1064 4195 1097 4249 21
1116 4194 1206 4250 sciolis

100 4285 167 4341 Ura:
184 4281 268 4338 cholis
286 4282 313 4335 P
329 4282 424 4336 scholis
443 4283 507 4349 dab,
525 4298 541 4335 r
641 4281 676 4336 22
692 4279 842 4336 restrictius
860 4282 929 4336 dab:
956 4281 1096 4336 restrictus
1113 4282 1142 4336 P

36 4373 37 4378 ’
95 4373 132 4427 24
149 4369 240 4424 referri
259 4369 330 4422 Sabe
355 4367 453 4422 referre
470 4369 497 4422 P
615 4366 730 4436 patriam
748 4368 803 4423 dab
925 4367 1209 4422 recommendatione

97 4459 162 4524 aaa,
179 4473 208 4510 r.-
231 4453 438 4512 commendatius
455 4458 480 4509 P
578 4471 666 4524 preces
684 4454 712 4509 P
812 4455 846 4509 26
865 4453 987 4508 emolitae
1004 4454 1032 4507 P

198 4559 244 4613 Ν.
1092 4557 1108 4612 t
