2950 5006
253 471 274 536 6
559 466 703 522 Arnobii
725 467 884 521 aduersus
901 468 1056 522 nationes

252 640 310 706 hae
325 642 434 726 pestes,
451 640 530 704 uncle
545 639 633 705 nouit
647 640 816 722 antiquitas
831 639 1026 704 miseriarum
1041 639 1116 704 haec
1130 639 1266 720 nomina,
1288 642 1379 706 unde
1466 613 1467 682 ³

230 746 341 810 bellis
368 743 576 828 significatum
603 743 707 808 dedit?
742 743 967 827 pestilentiam,
995 741 1159 828 grandines
1186 760 1246 824 qna
1267 744 1375 826 potuit

183 925 186 936 Ι
252 849 369 915 ratione
391 847 513 931 signare
536 847 590 911 ant
611 846 693 911 inter
715 864 786 911 suas
809 863 896 910 uoces
919 846 1031 928 quibus
1045 847 1142 912 oratio
1158 847 1372 928 explicabatur

252 951 432 1016 adsumere?
466 967 537 1013 narn
565 949 592 1012 si
617 948 739 1014 nouella
767 948 840 1014 sunt
865 948 942 1014 haec
969 949 1054 1014 mala
1081 950 1112 1014 et
1133 949 1172 1014 ab
1194 950 1371 1015 recentibus

252 1052 603 1150 ducuntoffensionibus
620 1070 736 1130 causus,
760 1051 813 1133 qui
838 1053 941 1135 potnit
962 1052 1028 1116 fieri
1050 1053 1086 1118 ut
1107 1052 1151 1117 eis
1166 1055 1256 1118 rebus
1271 1053 1371 1118 uerba
1399 1081 1417 1118 a
1466 1011 1467 1054 ¹

251 1157 409 1232 formaret,
437 1175 512 1246 quas
539 1173 595 1220 neo
620 1157 688 1236 ipsa
715 1153 832 1220 sciebat
854 1156 1007 1236 expertam
1030 1173 1062 1219 se
1084 1173 1149 1221 esse
1171 1174 1270 1237 neque
1290 1155 1370 1220 ullis
1466 1203 1467 1230 p

251 1259 446 1342 comperisset
468 1257 618 1324 meierum
633 1257 666 1321 in
682 1255 872 1340 temporibus
886 1258 1064 1322 factitatas?
1094 1259 1231 1339 penuria,
1253 1257 1370 1339 inquit,
1460 1271 1467 1292 ·‘

250 1364 373 1446 frugum
395 1366 427 1427 et
448 1361 607 1444 augustiae
630 1359 844 1424 humentariae
872 1360 970 1425 artius
992 1377 1047 1426 nos
1076 1360 1201 1426 habent.
1239 1361 1371 1443 antiqua
1466 1395 1467 1460 p

250 1465 332 1529 enim
348 1466 380 1530 et
393 1463 604 1528 uetustissima
618 1463 739 1526 saecula
749 1463 940 1528 necessitatis
956 1463 1048 1529 istius
1060 1463 1224 1545 aliquando
1240 1463 1374 1528 fuerunt
1466 1467 1467 1528 Ξ

250 1566 407 1649 expertia?
443 1584 538 1631 nonne
571 1566 638 1647 ipsa
669 1564 808 1644 nomina,
842 1566 953 1647 quibus
982 1569 1142 1631 censentur
1170 1565 1246 1630 haee
1271 1565 1416 1645 malam

249 1668 453 1735 testificantur
480 1670 512 1733 et
539 1668 674 1733 clamant
711 1667 833 1733 nullum
863 1668 900 1733 ab
929 1668 977 1734 his
1011 1689 1158 1751 umquam
1193 1670 1372 1735 immunem
1466 1709 1467 1750 o

250 1772 348 1836 abisse
375 1771 575 1837 mortalium?
612 1771 720 1852 quodsi
747 1772 785 1836 ad
813 1771 995 1836 eredendum
1027 1772 1164 1837 difficilis
1196 1790 1244 1836 res
1274 1777 1370 1849 esset,

248 1875 436 1940 testimoniis
459 1891 547 1960 agere
567 1891 726 1957 possemus
747 1875 916 1954 anctorum,
940 1877 1072 1956 quantae
1094 1875 1212 1956 quoties
1234 1878 1266 1943 et
1286 1894 1373 1958 quae

248 1979 353 2064 gentes
376 1979 489 2044 famem
512 1977 662 2043 senserint
683 1977 840 2043 horridam
864 1980 895 2043 et
910 1980 1057 2063 aggerata
1070 1977 1242 2044 interierint
1264 1980 1371 2044 uasti-

247 2082 321 2146 tate.
355 2099 441 2146 casus
468 2081 710 2164 frequentissimi
738 2081 897 2176 grandinis
926 2083 1069 2147 accidunt
1103 2084 1194 2165 atque
1218 2082 1371 2148 aclterunt
1381 2111 1413 2149 1⁵

248 2185 363 2250 cuncta.
397 2184 430 2249 in
452 2184 567 2250 litteris
589 2185 670 2250 enim
693 2185 802 2268 priscis
829 2185 1081 2268 comprehensum
1103 2187 1134 2252 et
1159 2185 1369 2268 compositum

247 2305 305 2352 non
334 2286 490 2367 muamus,
524 2287 618 2353 etiam
647 2289 761 2353 imbres
790 2304 894 2354 saxeos
921 2290 1001 2376 totas
1030 2308 1118 2371 saepe
1146 2289 1369 2354 comminuisse

247 2389 407 2474 regiones?
440 2387 580 2457 difficiles
611 2385 735 2473 pluuiae
764 2392 832 2456 sata
853 2391 971 2458 faciunt
993 2392 1088 2457 emori
1111 2393 1141 2456 et
1163 2391 1368 2457 sterilitatem

246 2491 385 2558 indicunt
400 2493 499 2558 terris.
528 2493 664 2558 inmunis
686 2494 768 2558 onim
790 2493 959 2576 antiquitas
974 2495 1064 2562 malis
1080 2494 1118 2561 ab
1133 2494 1182 2561 his
1197 2494 1268 2574 linit,
1291 2514 1367 2560 oum

246 2596 340 2661 etium
361 2595 490 2660 flumina
504 2595 736 2681 cognouerimns
757 2597 897 2680 ingentia
911 2598 997 2663 limis
1012 2598 1200 2666 inhorruisse
1215 2597 1367 2664 siccatis?
1377 2626 1410 2666 ro

246 2699 438 2781 pestilentiae
460 2699 601 2782 contagia
623 2699 716 2763 urunt
737 2717 832 2782 genus
854 2700 1031 2766 humanum.
1066 2702 1224 2766 annalium
1246 2700 1368 2783 scripta

194 2785 411 2883 capuceum
448 2799 623 2881 liemarum
648 2795 653 2884 ι
679 2798 911 2864 necessatibus
948 2800 1077 2882 scripta:
1120 2801 1277 2865 moereas
1312 2801 1365 2866 nr-

244 2903 336 2967 scetis
359 2905 464 2987 gentes
487 2919 703 2984 saepenumero
726 2901 876 2966 desolatas
899 2904 930 2966 et
951 2903 1094 2969 uiduatas
1112 2904 1184 2967 ‘suis
1207 2923 1271 2969 esse
1294 2903 1365 2968 cul-

243 3005 370 3070 toribus.
408 3005 445 3069 ab
474 3003 614 3082 locustis,
644 3004 821 3069 amuribus
849 3023 945 3088 genus
974 3023 1062 3071 omne
1092 3007 1242 3073 acciditur
1269 3007 1374 3088 atque.

243 3106 402 3173 adroditur
424 3106 558 3189 frugum.
592 3106 737 3171 historias
759 3107 804 3171 ite
826 3125 880 3188 per
903 3109 1022 3174 uestras
1039 3111 1070 3174 et
1084 3109 1123 3174 ab
1138 3110 1208 3175 istis
1222 3109 1407 3194 pestibusss

243 3209 439 3273 instruemini
467 3209 607 3290 quotiens
636 3208 720 3290 prior
741 3211 826 3275 aetas
849 3209 968 3276 adfecta
990 3212 1033 3278 sit
1055 3213 1086 3276 et
1107 3213 1298 3294 paupertatis
1320 3213 1364 3277 ad

243 3311 383 3376 miserias
410 3311 538 3376 uenerit.
576 3312 728 3377 terrarum
762 3312 964 3378 ualidissimis
998 3315 1134 3380 motibus
1162 3315 1364 3382 tremefactae
1436 3316 1446 3334 ⁶

242 3415 351 3480 nutant
378 3432 474 3496 usque
502 3414 540 3479 ad
562 3415 733 3498 periculum
755 3413 908 3479 ciuitates
947 3416 1034 3499 qnid,
1057 3416 1194 3483 hiatibus
1216 3419 1362 3484 maximis
1431 3434 1443 3449 ’·

241 3518 426 3600 interceptas
447 3518 538 3583 urbes
560 3537 630 3584 oum
651 3518 797 3605 gentibus
817 3520 974 3602 superiora
987 3522 1125 3603 tempora
1140 3541 1200 3590 non
1215 3523 1364 3588 uiderunt

237 3711 239 3716 ’
275 3721 290 3772 1
308 3719 447 3789 antiquas
465 3721 492 3774 Ρ
593 3721 610 3774 2
626 3721 806 3790 pestilentiam
826 3720 888 3789 Sub,
906 3739 937 3775 r:
959 3723 1113 3791 pestilentia
1131 3725 1159 3778 P
1259 3728 1275 3781 3
1293 3726 1361 3780 rati-

240 3821 290 3859 oue
309 3805 398 3861 Salm:
416 3805 524 3860 natione
541 3806 569 3859 P
581 3807 689 3861 notione
708 3808 762 3862 Sub
780 3808 959 3863 nominatione
976 3809 1181 3866 Klusmnoanao
1283 3813 1299 3866 6
1317 3828 1360 3865 er-

240 3895 341 3961 pertam
361 3893 430 3947 Sub:
452 3892 558 3959 experta
574 3891 602 3944 P
686 3893 701 3945 7
719 3893 844 3961 paenuria
862 3893 889 3948 P
973 3895 1066 3965 inquid
1084 3897 1110 3950 P
1127 3913 1189 3951 corr
1273 3899 1361 3952 tres-

241 3977 391 4032 tustissima
403 3978 430 4031 P
441 3992 502 4032 corr
571 3977 603 4030 13
615 3977 716 4046 quoties
734 3981 758 4046 (e
769 3979 799 4032 ia
815 3982 872 4048 rua)
885 3981 913 4033 P
924 3967 1054 4049 quotiesc
1130 3984 1163 4038 15
1175 3985 1250 4052 ‘tque
1263 3985 1291 4038 P

240 4065 362 4118 atterunt
384 4063 446 4117 Get:
473 4062 596 4116 adierunt
614 4063 642 4117 P
760 4065 793 4118 16
812 4067 1044 4134 compraehensum
1062 4069 1090 4122 P
1105 4071 1144 4123 sic
1161 4085 1267 4139 semper
1284 4077 1309 4126 et
1326 4073 1359 4125 ios

240 4149 290 4203 boc
306 4151 389 4206 aerbo
407 4157 432 4203 et
449 4151 480 4204 o'a
496 4149 629 4203 amathas
764 4151 880 4218 positum
902 4152 957 4207 Uro
1088 4154 1120 4208 17
1138 4156 1312 4210 communisse
1330 4159 1361 4212 P

240 4249 301 4288 corr
398 4236 431 4289 19
448 4235 579 4289 inducunt
598 4233 652 4289 sao
753 4237 787 4290 20
804 4237 878 4292 limis
897 4239 966 4293 Sao.-
984 4240 1086 4294 liminis
1104 4242 1132 4294 P
1227 4243 1360 4298 inaruisse

243 4318 297 4372 Urs
393 4319 509 4387 siggatis
521 4320 622 4375 Pcorr
719 4321 780 4377 aaa
794 4323 849 4378 aab
948 4327 1077 4381 occiditur
1090 4327 1146 4382 Sub
1248 4329 1282 4383 25
1299 4347 1356 4385 uos·

238 4407 293 4456 tras
310 4419 341 4456 r:
359 4406 442 4458 estras
460 4405 488 4458 P
504 4408 603 4460 exteras
621 4405 677 4461 sao
797 4409 831 4463 26
848 4410 947 4466 afflicta
969 4412 1022 4466 Ura
1134 4414 1167 4467 27
1185 4415 1359 4470 tremefactae

238 4488 307 4544 Sub:
329 4488 500 4542 tremaefoeta
518 4490 546 4543 P
592 4487 597 4494 '
