2888 5008
596 493 695 548 nrbes
718 493 778 549 vn.
1000 473 1002 487 '
1179 495 1243 562 253

128 681 249 746 quaero,
280 681 319 728 an
349 663 416 746 ipse
443 665 524 746 apud
545 683 577 730 se
590 666 704 732 'eredat
732 666 850 748 sibique
871 667 936 748 ipse
957 665 1147 750 persuadeat,
1177 666 1243 730 dis·

127 768 262 833 tinotum
284 785 350 832 esse
372 767 496 832 deorum
518 787 632 852 genus,
656 787 758 834 mares
779 788 815 834 ao
836 768 965 836 feminas
987 768 1042 835 hos
1065 788 1130 835 esse
1152 769 1184 834 et
1204 770 1244 834 ad
1344 796 1347 802 ¹

128 870 314 956 generandos
342 868 436 964 retus·
453 871 702 936 conuenientium
727 871 935 959 membrorum
958 871 1244 956 dispositionefor-

128 973 254 1038 matos?
286 974 338 1038 sed
366 972 393 1036 si
420 972 542 1039 sexibus
573 991 662 1039 serus
689 994 793 1058 peres,
825 975 859 1040 id
886 979 932 1040 est
955 975 1085 1040 feminas
1106 974 1242 1054 leminis,

105 1095 229 1170 emares
255 1078 360 1141 autem
385 1075 500 1143 hostias
522 1077 570 1142 dis
591 1079 729 1146 maribus
757 1079 913 1144 immolari
936 1078 1154 1144 saorilioiorum
1175 1077 1245 1142 iura

127 1178 354 1262 praescribunt:
377 1197 456 1261 quae
476 1179 510 1243 in
529 1180 681 1247 ooloribus
703 1181 782 1247 ratio
804 1175 861 1266 est,
883 1182 920 1248 ut
942 1182 1054 1248 merito
1076 1181 1125 1246 his
1147 1179 1242 1260 albas,

126 1282 193 1347 illis
214 1282 298 1346 atras
320 1282 479 1347 oonueniat
500 1283 739 1367 nigerrimasque
761 1285 915 1375 mactari?
937 1286 1009 1368 quia
1030 1283 1149 1367 superis
1171 1282 1241 1361 diis,

128 1385 238 1468 inquit,
261 1385 354 1467 atque
375 1385 513 1453 ominum
528 1386 711 1453 dexteritate
727 1387 913 1470 pollentibus
928 1388 1012 1454 oolor
1024 1386 1123 1452 laetus
1138 1403 1243 1466 aooep-
1319 1449 1322 1455 .

127 1489 179 1554 tus
202 1492 249 1553 est
270 1507 305 1553 ao
326 1489 405 1554 felix
426 1488 585 1554 hilaritate
601 1490 751 1570 candoris,
774 1489 808 1555 et
821 1508 894 1556 uero
910 1490 970 1554 diis
984 1489 1081 1555 laeuis
1097 1489 1244 1570 sedesque

92 1591 339 1658 uhebitantibus
353 1590 467 1656 inferas
482 1591 563 1658 oolor
577 1591 686 1656 toruus
703 1593 750 1658 est
765 1592 883 1677 gratior
898 1595 929 1658 et
941 1593 1084 1659 tristibus
1096 1591 1243 1656 suffectus

128 1694 249 1760 efuoia
271 1694 325 1759 sed
346 1694 373 1758 si
394 1711 500 1760 rursus
522 1695 689 1777 optinuerit
706 1693 712 1782 Ι
730 1696 821 1774 ratio,
844 1695 1011 1761 inferorum
1033 1695 1157 1777 penitus
1173 1705 1267 1757 aas-f.
1281 1708 1330 1757 144

127 1816 199 1863 sum
221 1815 285 1862 osse
314 1786 427 1862 nomen
450 1797 481 1861 et
501 1817 635 1862 uaouum
657 1816 754 1881 noque
776 1798 842 1864 ulla
864 1799 921 1864 sub
943 1799 1033 1862 terris
1062 1814 1156 1881 regna
1177 1813 1243 1888 esse

128 1900 346 1981 domioiliaque
367 1899 525 1979 Plutonia,
556 1885 738 1981 opinionem
757 1919 879 1967 neeesse
900 1901 1002 1966 estid
1024 1918 1142 1984 quoque
1164 1899 1243 1964 frus-

126 2003 206 2068 trari
227 2020 319 2085 quam
341 2022 433 2085 super
461 2003 537 2068 atris
565 2003 732 2086 pecudibus
758 2004 877 2070 habetis
899 2004 1041 2086 diuisque
1063 2001 1242 2070 subterreis.

91 2124 117 2165 ιε
128 2106 237 2190 quodsi
258 2106 351 2170 inferi
373 2106 452 2171 nulli
474 2108 561 2186 sunt,
593 2107 664 2172 deos
687 2107 782 2172 edam
804 2107 946 2172 Manium
969 2117 1089 2172 neeesse
1111 2109 1158 2172 est
1180 2123 1244 2170 esse

128 2209 240 2276 nullos.
274 2208 340 2274 lieri
362 2210 445 2274 enim
467 2211 521 2292 qui
542 2211 658 2292 potest,
686 2211 722 2275 ut
744 2229 814 2276 oum
835 2211 903 2276 looa
925 2209 989 2275 sint
1009 2209 1111 2287 nulla,
1140 2227 1244 2274 eornm

127 2331 207 2395 quae
227 2331 288 2378 non
303 2315 376 2377 sunt
390 2312 449 2377 ulli
463 2312 680 2395 perhibeantur
696 2309 764 2379 esse
777 2314 931 2379 cultores?
953 2313 1006 2378 sod
1021 2311 1241 2388 adsentiamur,
1254 2323 1294 2383 zo

127 2417 165 2480 ut
187 2415 294 2494 uultis,
318 2418 349 2481 et
372 2435 437 2482 esse
458 2417 571 2482 inferos
591 2419 622 2482 et
644 2437 709 2484 esse
724 2417 831 2484 Manes
847 2417 1031 2482 athabitana
1053 2415 1154 2480 neseio
1169 2431 1244 2495 quos

127 2519 160 2584 in
183 2519 232 2583 bis
255 2518 326 2584 deos
348 2518 502 2584 ominibus
524 2520 626 2585 minus
649 2521 765 2585 faustos
791 2525 821 2585 et
847 2521 1038 2585 tristioribus
1053 2516 1243 2602 praepositos

91 2621 229 2686 eorebus.
264 2624 296 2686 et
318 2641 395 2704 quae
425 2640 530 2703 eausa,
561 2641 639 2705 qnae
667 2625 747 2689 ratio
777 2625 824 2689 est
863 2610 905 2688 'ut
932 2626 1018 2688 atres
1046 2623 1094 2707 his
1124 2621 1243 2685 hostiae

127 2725 351 2809 nigerrimique
372 2726 593 2791 admoneantur
615 2726 748 2792 eoloris?
769 2727 848 2809 ¹quia
868 2728 959 2812 nigra
981 2726 1079 2811 nigris
1102 2724 1244 2790 oonueni·

34 2907 36 2910 Ι
127 2828 186 2892 unt
208 2828 239 2892 ot
260 2828 363 2894 tristia
384 2829 597 2894 oonsimilibus
620 2830 710 2913 grata
731 2832 813 2895 sunt.
837 2830 910 2912 quid
927 2833 1021 2914 ergo?
1043 2847 1104 2894 non
1118 2827 1243 2905 uidetis,

127 2931 165 2995 ut
186 2931 346 2996 uobiscum
368 2934 399 2998 et
420 2951 475 2998 nos
504 2932 616 2998 stolide
645 2933 849 3016 similiterque
877 2933 1036 3012 ludamus,
1067 2932 1153 2996 albas
1180 2931 1250 3009 esse

127 3033 301 3098 hostiarum
333 3055 440 3101 earnes
467 3054 537 3102 ossa
561 3037 667 3102 dentes
699 3034 872 3120 pinguitias
900 3037 1024 3102 omenta
1058 3054 1129 3101 oum
1161 3051 1244 3099 oero-

92 3159 119 3200 ea
128 3138 195 3203 bris
223 3138 389 3221 mollesque
411 3140 445 3202 in
471 3139 591 3204 ossibus
618 3139 795 3204 medullas?
827 3139 881 3204 sed
911 3140 1028 3204 uellera
1055 3138 1144 3222 nigra
1172 3135 1245 3201 sunt

128 3241 295 3324 nigraeque
312 3241 525 3307 'animantium
548 3243 658 3306 saetae.
693 3241 773 3307 solas
796 3258 867 3326 ergo
889 3242 1051 3307 immolate
1073 3241 1134 3306 diis
1155 3240 1242 3305 lanas

128 3347 295 3427 uulsasqne
317 3363 352 3409 en
365 3344 482 3414 ,hostiis
505 3344 648 3422 sestulas,
672 3343 838 3428 relinquite
860 3343 1092 3410 infelicissimas
1111 3343 1242 3427 peoudes

129 3448 277 3530 spoliatas
299 3448 374 3512 lieet
395 3465 430 3511 ao
451 3449 554 3510 tonsas
576 3447 651 3512 oaeli
674 3447 810 3512 animam
832 3446 940 3512 duoere
955 3447 987 3512 et
1000 3447 1140 3529 pastibus
1155 3437 1250 3512 inno?

130 3551 323 3616 cautissimas
345 3549 501 3616 incubare.
535 3549 643 3632 quodsi
667 3550 754 3634 grata
776 3549 953 3614 numinibus
977 3549 1084 3615 inferis
1107 3569 1142 3615 sa
1164 3567 1241 3632 quae

92 3656 203 3717 essunt
224 3653 312 3736 nigra
334 3652 477 3735 iuruique
500 3653 684 3718 existimatis
707 3652 826 3731 solerie,
850 3672 904 3717 our
924 3672 984 3718 non
1006 3653 1109 3718 omnia
1131 3654 1241 3731 estora,

61 3753 64 3760 ’
129 3773 207 3838 quae
228 3756 355 3820 illorum
377 3756 491 3820 inferro
513 3755 668 3850 saqrilieiis
693 3755 787 3818 moris
811 3756 872 3834 est,
901 3756 963 3820 sint
986 3757 1075 3841 nigra
1096 3758 1127 3819 et
1149 3753 1244 3818 lumi·

165 3993 246 4048 5diis
258 4009 291 4047 ex
308 3993 349 4048 dis
362 4009 424 4048 corr
435 3994 464 4047 P
557 3993 573 4045 6
585 3993 750 4062 perscribunt
763 3993 817 4048 sao
914 3993 929 4046 l
942 3993 1066 4048 conuenit
1078 3993 1105 4046 P
1115 4006 1175 4046 corr

129 4080 283 4135 seminum
300 4082 456 4152 Mausolus:
473 4078 610 4133 bominum
627 4081 655 4134 P
763 4081 834 4150 ilat]
853 4080 886 4134 ad
902 4080 930 4134 P
946 4095 1006 4134 oorr
1107 4078 1140 4133 13
1157 4075 1242 4146 opini-

130 4182 208 4222 onem
227 4166 297 4221 Sob:
314 4167 435 4236 opinione
453 4168 481 4221 P
585 4165 618 4220 1e
635 4165 768 4220 ominibus
787 4157 962 4222 &eusebium
978 4164 1131 4219 hominibus
1149 4164 1177 4217 P

129 4253 165 4307 20
191 4254 250 4306 trae
266 4253 294 4306 P
310 4268 371 4307 oorr
506 4252 540 4306 21
565 4252 661 4306 oolores
683 4269 710 4319 o,
733 4251 788 4307 Sub
924 4253 957 4306 22
978 4250 1070 4304 tristia
1092 4249 1163 4306 Sub:
1181 4249 1244 4303 tris-

129 4338 194 4393 titia
212 4340 238 4392 P
337 4339 582 4407 assequiturque
603 4337 732 4394 Oablerus
754 4338 921 4407 seniliterque
937 4335 1051 4390 Ziotius
1152 4335 1186 4389 26
1204 4349 1244 4388 se-

128 4425 224 4479 taeP
288 4423 535 4479 28aoSobsatP
