2950 5006
519 375 521 382 '
587 437 686 494 Liber
703 437 725 492 1.
885 451 891 470 ·
1171 440 1212 506 33

97 613 258 698 praestare.
289 613 320 678 et
341 612 485 696 quoniam
507 610 653 679 beneficia
674 610 785 677 salutis
800 610 889 677 datae
903 611 1035 677 aliorum
1049 607 1259 704 numinum'lt

98 717 280 802 comparatis
302 717 333 781 11
347 714 474 794 Christi,
497 716 572 798 quot
592 714 681 780 milia
703 713 800 780 uultis
823 713 947 778 anobis
962 713 1111 788 debilium
1124 715 1211 780 uobis

98 820 225 899 ostendi,
248 820 322 902 quot
343 817 476 885 tabificis
498 816 634 884 adfectos
655 816 771 883 morbis
787 816 905 882 nullum
920 817 1041 882 omuino
1056 819 1211 886 rettulisse

97 923 293 1002 medicinam,
315 940 387 988 curu
401 940 455 1004 per
470 920 574 988 omnia
589 920 744 1003 supplices
757 919 840 985 irent
853 920 979 1002 templa,
1001 939 1072 986 eum
1086 924 1211 988 deorum

77 1027 169 1092 sante
190 1042 242 1092 ora
263 1025 411 1108 prostrati
432 1023 542 1091 limina
563 1025 632 1108 ipsa
654 1024 865 1089 conuerterant
887 1023 1012 1103 osculis,
1041 1043 1111 1090 cum
1134 1025 1211 1092 Aes-

97 1129 254 1212 culapium
276 1128 379 1210 ipsum
411 1127 549 1193 datorem
571 1129 607 1192 ut
629 1128 806 1210 praedicam
833 1127 991 1212 sanitatis,
1024 1127 1123 1212 quoad
1145 1127 1210 1194 illis

97 1231 250 1315 superfuit
272 1232 354 1310 11111,
383 1232 414 1296 11
435 1229 581 1312 precibus,
598 1230 765 1314 fatigarent
787 1229 818 1294 et
839 1229 1009 1296 inuitarent
1029 1231 1210 1298 miserrimis

96 1335 200 1400 uotis?
229 1353 330 1400 nonne
352 1335 429 1400 alios
451 1334 565 1399 11111111
588 1333 679 1398 malis
702 1333 766 1398 suis
789 1335 1000 1414 commortuos,
1025 1334 1210 1402 cruciatibus

97 1438 174 1503 alios
202 1435 392 1502 consenuisse
419 1437 609 1519 morborum,
639 1436 839 1520 perniciosius
867 1437 943 1526 alips
972 1455 1038 1504 sese
1068 1435 1278 1522 1111111111

62 1540 244 1624 occepisse,
278 1541 441 1624 postquam
474 1540 539 1606 dios
571 1540 734 1622 noctesque
766 1540 799 1606 11
827 1540 979 1606 continuis
1011 1541 1153 1622 precibus
1180 1545 1211 1608 11

96 1643 224 1726 pietatis
256 1643 463 1726 expectatione
495 1642 673 1708 triuerunt?
707 1643 781 1724 quid
808 1661 879 1728 ergo
904 1642 1032 1726 prodest
1053 1644 1210 1712 ostendere

96 1765 192 1812 unum
214 1745 268 1811 aut
291 1745 424 1820 11111111
445 1745 573 1810 fortasse
588 1747 717 1823 curatos,
739 1764 809 1810 cum
829 1746 877 1810 111
890 1745 1019 1811 milibus
1034 1745 1212 1813 subuenerit

95 1865 184 1914 nemo
216 1849 248 1914 et
274 1850 364 1930 plena
393 1849 456 1917 siut
483 1847 586 1914 omnia
606 1849 788 1914 miserorum
809 1836 1042 1931 infeliciumque
1063 1850 1220 1916 delubra?-

95 1953 158 2018 nisi
178 1951 257 2018 forte
279 1952 403 2032 dicetis
422 1971 511 2036 opem
531 1952 620 2017 bonis
642 1953 680 2017 ab
704 1953 763 2018 diis
786 1951 875 2031 ferri,
897 1953 1050 2018 malorum
1071 1953 1210 2020 miserias

61 2077 85 2116 11
96 2056 221 2140 despici.
259 2056 366 2139 atquin
394 2053 535 2122 Christus
568 2055 853 2138 aequaliter'bonis
883 2055 1034 2136 malisque
1066 2057 1210 2122 subuenit

94 2178 150 2225 noc
172 2160 311 2241 repulsus
333 2161 372 2224 ab
397 2159 455 2224 hoc
483 2159 645 2241 quisquam
673 2160 720 2224 est
752 2159 805 2240 qui
832 2157 922 2223 rebus
949 2157 1098 2224 auxilium
1126 2159 1210 2226 duris

95 2266 202 2330 contra
223 2263 374 2345 impetum
395 2262 573 2353 postulabat
594 2263 782 2344 iniuriasque
803 2261 953 2326 fortunae.
983 2261 1039 2326 hoc
1062 2263 1107 2325 est
1129 2262 1210 2328 enirn

94 2366 252 2450 proprium
283 2365 333 2431 dei
366 2366 433 2430 ueri
464 2365 679 2448 potentiaeque
713 2364 843 2450 regalis,
877 2363 1100 2448 benignitatem
1122 2383 1209 2432 suam

94 2487 206 2554 negare
233 2468 312 2534 nulli
345 2486 401 2534 nec
429 2456 586 2551 reputare,
619 2467 688 2550 quis
710 2468 863 2532 mereatur
891 2466 944 2531 aut
965 2466 1107 2544 minime,
1139 2487 1210 2533 cum

60 2594 87 2636 ac
94 2572 247 2638 naturalis
262 2567 434 2646 'infirmibus
456 2571 647 2654 peccatorem
661 2569 819 2636 hominem
840 2568 942 2649 iaciat,
964 2587 1023 2636 uon
1039 2571 1208 2636 uoluntatis

95 2693 149 2740 seu
171 2675 368 2741 iudicationis
391 2674 508 2741 electio.
533 2674 633 2740 dicere
654 2691 742 2756 porro
757 2674 876 2741 maritis
896 2691 984 2757 opem
998 2671 1216 2744 laborantibus¹

94 2779 133 2843 sb
163 2779 222 2842 diis
254 2778 343 2860 ferri,
375 2778 433 2843 hoc
460 2781 507 2844 est
537 2778 571 2842 in
600 2778 702 2843 medio
734 2793 843 2859 ponere
872 2778 903 2842 et
930 2776 1100 2843 dubitabile
1129 2778 1209 2859 quod

94 2881 218 2946 adseres
240 2881 358 2958 facere·
374 2882 410 2945 nt
432 2881 463 2946 11
484 2880 540 2946 1111
569 2881 621 2963 qui
643 2899 735 2960 sanus
757 2881 804 2946 est
831 2879 932 2946 factus
958 2878 1086 2944 fortuito
1112 2880 1209 2962 possit

93 2981 193 3047 uideri
221 3001 286 3048 esse
315 2985 453 3049 seruatus
481 2985 512 3048 et
532 2983 600 3048 ille
633 2984 686 3064 qrri
718 3001 777 3048 111
811 2985 858 3048 111
892 3000 954 3048 111
985 2982 1089 3047 meriti
1118 3002 1210 3049 causa
1267 3020 1270 3025 ·

59 3105 84 3146 11
94 3086 148 3151 sed
180 3085 363 3152 infirmitate
398 3087 537 3152 credatur
571 3086 780 3152 ualetudinem
814 3086 961 3170 expellere
988 3103 1049 3149 non
1074 3085 1208 3168 potuisse

94 3187 210 3253 diuina.
247 3188 322 3271 quid
343 3188 424 3270 quod
444 3189 520 3254 istas
540 3189 682 3267 uirtutes,
705 3207 782 3271 quae
802 3193 873 3254 sunt
886 3207 904 3254 a
918 3189 1005 3254 nobis
1020 3189 1207 3268 summatim,
1218 3201 1257 3262 51

92 3309 154 3356 nou
174 3295 211 3357 ut
232 3293 276 3358 rei
298 3293 441 3375 poscebat
463 3293 660 3376 magnitudo,
682 3292 895 3376 depromptae,
919 3311 978 3358 non
1000 3295 1122 3359 tuntum
1142 3291 1207 3373 ipse

92 3393 221 3476 perfecit
240 3395 273 3460 ui
292 3414 361 3476 sua,
385 3416 508 3474 uerum,
530 3395 697 3478 quoderat
719 3395 898 3475 sublimius,
920 3391 1035 3474 multos
1058 3395 1134 3460 elios
1156 3375 1209 3460 111-1

91 3497 188 3579 periri
210 3501 241 3564 11
261 3499 359 3566 facere
382 3499 431 3564 sui
452 3499 585 3564 nominis
600 3517 670 3564 eum
685 3497 853 3580 adiectione
868 3497 1018 3580 permisit.
1047 3515 1117 3562 nam
1138 3516 1208 3563 eum

129 3768 144 3820 1
163 3767 303 3822 numinum
322 3767 391 3823 Sub:
416 3768 555 3824 ¹nominum
573 3769 601 3822 P
718 3769 735 3822 2
758 3771 780 3821 et
796 3770 823 3820 P
940 3768 1009 3836 quod
1031 3769 1059 3822 P
1080 3784 1140 3823 corr

91 3854 109 3908 3
127 3853 200 3922 quod
218 3853 246 3907 P
335 3853 464 3908 tabefeeis
482 3855 510 3908 P
527 3871 588 3909 corr
678 3855 695 3910 5
713 3855 897 3908 conuerterent
913 3856 939 3906 P
955 3870 1016 3910 corr
1101 3855 1206 3923 iprae-

91 3939 170 3994 cibus
188 3939 216 3994 P
328 3939 471 3994 miserrimi
490 3940 650 3996 stewechius
765 3942 798 3994 10
815 3940 950 4010 praecibus
968 3941 996 3994 P
1109 3941 1141 3994 11
1159 3942 1207 3993 tri-

90 4029 190 4082 1111111
212 4024 278 4080 Get:
304 4026 506 4086 tribueruntP
607 4027 640 4080 13
658 4027 713 4081 sint
731 4027 798 4084 sco.-
823 4031 886 4090 sunt
903 4027 930 4080 P
1031 4027 1120 4082 omnia
1138 4027 1206 4084 Sub:

90 4111 214 4169 omnium
233 4113 260 4166 P
371 4112 404 4166 14
422 4111 518 4166 dicatis
538 4111 593 4168 Sub
706 4114 738 4167 16
757 4113 804 4182 qui
820 4112 897 4168 rebus
916 4113 986 4168 Sub.-
1003 4115 1049 4184 qui
1065 4113 1142 4168 rebus
1159 4115 1205 4184 qui

90 4199 120 4252 P
135 4197 183 4267 qui
201 4193 374 4253 rebus'sibi?
482 4199 516 4252 21
534 4197 580 4254 sed
598 4197 653 4254 aco
763 4200 796 4254 22
813 4197 954 4254 dubrcabne
971 4201 1000 4257 P
1107 4201 1205 4254 241111

89 4282 182 4338 meriti
195 4284 222 4337 P
323 4283 357 4338 25
374 4283 531 4338 infirmitate
552 4283 697 4351 Ocuteroe,
726 4285 792 4339 Urs:
810 4285 939 4339 firmitate
956 4285 983 4338 P
1079 4287 1204 4340 261111-

89 4370 188 4424 matim
206 4369 235 4423 P
335 4369 369 4422 29
387 4369 534 4426 adiectione
550 4369 706 4426 Heroides.-
733 4367 877 4424 adfectione
895 4369 921 4424 P

193 4473 239 4527 lV.
1087 4476 1105 4530 3
