<?xml version="1.0" encoding="UTF-8"?>
<!DOCTYPE html PUBLIC "-//W3C//DTD XHTML 1.0 Transitional//EN"
    "http://www.w3.org/TR/xhtml1/DTD/xhtml1-transitional.dtd">
<html xmlns="http://www.w3.org/1999/xhtml" xml:lang="en" lang="en">
 <head>
  <title>
</title>
<meta http-equiv="Content-Type" content="text/html;charset=utf-8" />
  <meta name='ocr-system' content='tesseract 3.04.00' />
  <meta name='ocr-capabilities' content='ocr_page ocr_carea ocr_par ocr_line ocrx_word'/>
</head>
<body>
  <div class='ocr_page' id='page_1' title='image "./corpusscriptoru09wissgoog_0320.png"; bbox 0 0 2888 5008; ppageno 0'>
   <div class='ocr_carea' id='block_1_1' title="bbox 607 449 1254 528">
    <p class='ocr_par' dir='ltr' id='par_1_1' title="bbox 607 449 1254 528">
     <span class='ocr_line' id='line_1_1' title="bbox 607 449 1254 528; baseline -0.005 -21"><span class='ocrx_word' id='word_1_1' title='bbox 607 452 703 507; x_wconf 75' lang='lat' dir='ltr'><strong>urusr</strong></span> <span class='ocrx_word' id='word_1_2' title='bbox 730 451 791 506; x_wconf 84' lang='lat' dir='ltr'><strong>vn.</strong></span> <span class='ocrx_word' id='word_1_3' title='bbox 1175 449 1254 528; x_wconf 18' lang='lat'><strong>&#39;283</strong></span> 
     </span>
    </p>
   </div>
   <div class='ocr_carea' id='block_1_2' title="bbox 103 623 1336 3806">
    <p class='ocr_par' dir='ltr' id='par_1_2' title="bbox 103 623 1336 3806">
     <span class='ocr_line' id='line_1_2' title="bbox 137 623 1251 707; baseline -0.008 -11"><span class='ocrx_word' id='word_1_4' title='bbox 137 632 244 707; x_wconf 79' lang='lat' dir='ltr'><strong>lieret,</strong></span> <span class='ocrx_word' id='word_1_5' title='bbox 275 631 329 696; x_wconf 85' lang='lat' dir='ltr'><strong>aut</strong></span> <span class='ocrx_word' id='word_1_6' title='bbox 358 628 467 694; x_wconf 85' lang='lat' dir='ltr'><strong>fatalia</strong></span> <span class='ocrx_word' id='word_1_7' title='bbox 495 625 622 692; x_wconf 89' lang='lat' dir='ltr'><strong>dieende</strong></span> <span class='ocrx_word' id='word_1_8' title='bbox 651 627 725 692; x_wconf 90' lang='lat' dir='ltr'><strong>sunt</strong></span> <span class='ocrx_word' id='word_1_9' title='bbox 746 626 883 690; x_wconf 86' lang='lat' dir='ltr'><strong>earmina</strong></span> <span class='ocrx_word' id='word_1_10' title='bbox 904 624 1039 690; x_wconf 89' lang='lat' dir='ltr'><strong>multum</strong></span> <span class='ocrx_word' id='word_1_11' title='bbox 1061 625 1142 689; x_wconf 89' lang='lat' dir='ltr'><strong>ueris</strong></span> <span class='ocrx_word' id='word_1_12' title='bbox 1163 623 1251 690; x_wconf 88' lang='lat' dir='ltr'><strong>eber-</strong></span> 
     </span>
     <span class='ocr_line' id='line_1_3' title="bbox 138 727 1250 817; baseline -0.005 -19"><span class='ocrx_word' id='word_1_13' title='bbox 138 734 257 800; x_wconf 90' lang='lat' dir='ltr'><strong>rauisse</strong></span> <span class='ocrx_word' id='word_1_14' title='bbox 279 732 463 817; x_wconf 83' lang='lat' dir='ltr'><strong>praesagiis,</strong></span> <span class='ocrx_word' id='word_1_15' title='bbox 486 749 555 797; x_wconf 89' lang='lat' dir='ltr'><strong>eunr</strong></span> <span class='ocrx_word' id='word_1_16' title='bbox 578 729 747 796; x_wconf 90' lang='lat' dir='ltr'><strong>remedium</strong></span> <span class='ocrx_word' id='word_1_17' title='bbox 769 727 808 794; x_wconf 95' lang='lat' dir='ltr'><strong>ab</strong></span> <span class='ocrx_word' id='word_1_18' title='bbox 829 727 879 793; x_wconf 87' lang='lat' dir='ltr'><strong>his</strong></span> <span class='ocrx_word' id='word_1_19' title='bbox 900 728 1008 794; x_wconf 87' lang='lat' dir='ltr'><strong>datum</strong></span> <span class='ocrx_word' id='word_1_20' title='bbox 1029 744 1089 793; x_wconf 91' lang='lat' dir='ltr'><strong>uon</strong></span> <span class='ocrx_word' id='word_1_21' title='bbox 1111 727 1250 810; x_wconf 89' lang='lat' dir='ltr'><strong>deinoepe</strong></span> 
     </span>
     <span class='ocr_line' id='line_1_4' title="bbox 140 827 1304 914; baseline -0.009 -11"><span class='ocrx_word' id='word_1_22' title='bbox 140 834 260 903; x_wconf 84' lang='lat' dir='ltr'><strong>eunetis</strong></span> <span class='ocrx_word' id='word_1_23' title='bbox 282 837 336 902; x_wconf 91' lang='lat' dir='ltr'><strong>sed</strong></span> <span class='ocrx_word' id='word_1_24' title='bbox 357 832 470 900; x_wconf 82' lang='lat' dir='ltr'><strong>auxilio</strong></span> <span class='ocrx_word' id='word_1_25' title='bbox 492 833 588 900; x_wconf 82' lang='lat' dir='ltr'><strong>inisse</strong></span> <span class='ocrx_word' id='word_1_26' title='bbox 610 832 664 898; x_wconf 91' lang='lat' dir='ltr'><strong>uni</strong></span> <span class='ocrx_word' id='word_1_27' title='bbox 685 832 808 898; x_wconf 90' lang='lat' dir='ltr'><strong>tantum</strong></span> <span class='ocrx_word' id='word_1_28' title='bbox 829 830 997 914; x_wconf 79' lang='lat' dir='ltr'>reperiatur</span> <span class='ocrx_word' id='word_1_29' title='bbox 1014 829 1120 896; x_wconf 87' lang='lat' dir='ltr'><strong>aetati.</strong></span> <span class='ocrx_word' id='word_1_30' title='bbox 1143 829 1195 895; x_wconf 90' lang='lat' dir='ltr'><strong>sed</strong></span> <span class='ocrx_word' id='word_1_31' title='bbox 1221 827 1304 894; x_wconf 78' lang='lat' dir='ltr'><strong>eale</strong></span> 
     </span>
     <span class='ocr_line' id='line_1_5' title="bbox 139 932 1253 1024; baseline -0.008 -19"><span class='ocrx_word' id='word_1_32' title='bbox 139 941 265 1024; x_wconf 82' lang='lat' dir='ltr'><strong>Magna,</strong></span> <span class='ocrx_word' id='word_1_33' title='bbox 287 937 399 1020; x_wconf 89' lang='lat' dir='ltr'><strong>inquit,</strong></span> <span class='ocrx_word' id='word_1_34' title='bbox 422 937 521 1003; x_wconf 87' lang='lat' dir='ltr'><strong>Mater</strong></span> <span class='ocrx_word' id='word_1_35' title='bbox 543 936 641 1002; x_wconf 88' lang='lat' dir='ltr'><strong>aooita</strong></span> <span class='ocrx_word' id='word_1_36' title='bbox 662 953 698 1000; x_wconf 85' lang='lat' dir='ltr'><strong>ex</strong></span> <span class='ocrx_word' id='word_1_37' title='bbox 711 933 847 1019; x_wconf 79' lang='lat' dir='ltr'><strong>Phrygio</strong></span> <span class='ocrx_word' id='word_1_38' title='bbox 861 933 1045 999; x_wconf 75' lang='lat' dir='ltr'><strong>Pessinunte</strong></span> <span class='ocrx_word' id='word_1_39' title='bbox 1066 932 1158 1000; x_wconf 86' lang='lat' dir='ltr'><strong>iussis</strong></span> <span class='ocrx_word' id='word_1_40' title='bbox 1180 950 1253 998; x_wconf 90' lang='lat' dir='ltr'><strong>oon·</strong></span> 
     </span>
     <span class='ocr_line' id='line_1_6' title="bbox 116 1036 1253 1124; baseline -0.004 -19"><span class='ocrx_word' id='word_1_41' title='bbox 116 1041 288 1108; x_wconf 73' lang='lat' dir='ltr'><strong>esimiliter</strong></span> <span class='ocrx_word' id='word_1_42' title='bbox 303 1043 412 1106; x_wconf 89' lang='lat' dir='ltr'><strong>uatum</strong></span> <span class='ocrx_word' id='word_1_43' title='bbox 426 1039 570 1104; x_wconf 87' lang='lat' dir='ltr'><strong>salutaris</strong></span> <span class='ocrx_word' id='word_1_44' title='bbox 586 1039 700 1122; x_wconf 88' lang='lat' dir='ltr'><strong>populo</strong></span> <span class='ocrx_word' id='word_1_45' title='bbox 714 1041 745 1102; x_wconf 87' lang='lat' dir='ltr'><strong>et</strong></span> <span class='ocrx_word' id='word_1_46' title='bbox 759 1056 942 1124; x_wconf 83' lang='lat' dir='ltr'><strong>magnarum</strong></span> <span class='ocrx_word' id='word_1_47' title='bbox 957 1054 1048 1102; x_wconf 87' lang='lat' dir='ltr'><strong>oense</strong></span> <span class='ocrx_word' id='word_1_48' title='bbox 1061 1036 1253 1102; x_wconf 86' lang='lat' dir='ltr'><strong>laetitiarum</strong></span> 
     </span>
     <span class='ocr_line' id='line_1_7' title="bbox 140 1138 1252 1224; baseline -0.004 -16"><span class='ocrx_word' id='word_1_49' title='bbox 140 1144 211 1209; x_wconf 88' lang='lat' dir='ltr'><strong>fnit.</strong></span> <span class='ocrx_word' id='word_1_50' title='bbox 245 1161 317 1210; x_wconf 86' lang='lat' dir='ltr'><strong>nam</strong></span> <span class='ocrx_word' id='word_1_51' title='bbox 338 1145 370 1208; x_wconf 89' lang='lat' dir='ltr'><strong>et</strong></span> <span class='ocrx_word' id='word_1_52' title='bbox 392 1141 444 1208; x_wconf 89' lang='lat' dir='ltr'><strong>din</strong></span> <span class='ocrx_word' id='word_1_53' title='bbox 466 1143 573 1224; x_wconf 90' lang='lat' dir='ltr'><strong>potens</strong></span> <span class='ocrx_word' id='word_1_54' title='bbox 594 1141 692 1208; x_wconf 90' lang='lat' dir='ltr'><strong>hostis</strong></span> <span class='ocrx_word' id='word_1_55' title='bbox 714 1142 753 1206; x_wconf 90' lang='lat' dir='ltr'><strong>ab</strong></span> <span class='ocrx_word' id='word_1_56' title='bbox 774 1139 883 1207; x_wconf 88' lang='lat' dir='ltr'><strong>ltaliae</strong></span> <span class='ocrx_word' id='word_1_57' title='bbox 905 1138 1093 1223; x_wconf 79' lang='lat' dir='ltr'><strong>possessione</strong></span> <span class='ocrx_word' id='word_1_58' title='bbox 1107 1140 1252 1204; x_wconf 89' lang='lat' dir='ltr'><strong>detrusus</strong></span> 
     </span>
     <span class='ocr_line' id='line_1_8' title="bbox 141 1243 1251 1332; baseline -0.005 -19"><span class='ocrx_word' id='word_1_59' title='bbox 141 1249 189 1313; x_wconf 89' lang='lat' dir='ltr'><strong>est</strong></span> <span class='ocrx_word' id='word_1_60' title='bbox 210 1249 242 1313; x_wconf 89' lang='lat' dir='ltr'><strong>et</strong></span> <span class='ocrx_word' id='word_1_61' title='bbox 264 1246 404 1332; x_wconf 84' lang='lat' dir='ltr'><strong>gloriosis</strong></span> <span class='ocrx_word' id='word_1_62' title='bbox 430 1246 672 1328; x_wconf 89' lang='lat' dir='ltr'><strong>inlustribusque</strong></span> <span class='ocrx_word' id='word_1_63' title='bbox 699 1243 837 1310; x_wconf 87' lang='lat' dir='ltr'><strong>uictoriis</strong></span> <span class='ocrx_word' id='word_1_64' title='bbox 865 1244 955 1310; x_wconf 87' lang='lat' dir='ltr'><strong>deone</strong></span> <span class='ocrx_word' id='word_1_65' title='bbox 977 1243 1047 1309; x_wconf 89' lang='lat' dir='ltr'><strong>urbi</strong></span> <span class='ocrx_word' id='word_1_66' title='bbox 1068 1243 1251 1309; x_wconf 89' lang='lat' dir='ltr'><strong>restitutum</strong></span> 
     </span>
     <span class='ocr_line' id='line_1_9' title="bbox 142 1339 1249 1433; baseline -0.003 -19"><span class='ocrx_word' id='word_1_67' title='bbox 142 1352 190 1415; x_wconf 91' lang='lat' dir='ltr'><strong>est</strong></span> <span class='ocrx_word' id='word_1_68' title='bbox 215 1349 382 1433; x_wconf 89' lang='lat' dir='ltr'><strong>pristinum</strong></span> <span class='ocrx_word' id='word_1_69' title='bbox 404 1349 435 1416; x_wconf 86' lang='lat' dir='ltr'><strong>et</strong></span> <span class='ocrx_word' id='word_1_70' title='bbox 450 1339 579 1433; x_wconf 56' lang='lat' dir='ltr'><strong>‘imperii</strong></span> <span class='ocrx_word' id='word_1_71' title='bbox 600 1349 675 1415; x_wconf 91' lang='lat' dir='ltr'><strong>fines</strong></span> <span class='ocrx_word' id='word_1_72' title='bbox 697 1349 785 1432; x_wconf 83' lang='lat' dir='ltr'><strong>longe</strong></span> <span class='ocrx_word' id='word_1_73' title='bbox 811 1349 932 1430; x_wconf 87' lang='lat' dir='ltr'><strong>lateque</strong></span> <span class='ocrx_word' id='word_1_74' title='bbox 953 1347 1084 1429; x_wconf 85' lang='lat' dir='ltr'><strong>porreeti</strong></span> <span class='ocrx_word' id='word_1_75' title='bbox 1106 1348 1137 1412; x_wconf 89' lang='lat' dir='ltr'><strong>et</strong></span> <span class='ocrx_word' id='word_1_76' title='bbox 1157 1347 1249 1412; x_wconf 91' lang='lat' dir='ltr'><strong>innu-</strong></span> 
     </span>
     <span class='ocr_line' id='line_1_10' title="bbox 141 1441 1251 1538; baseline -0.003 -20"><span class='ocrx_word' id='word_1_77' title='bbox 141 1453 235 1519; x_wconf 83' lang='lat' dir='ltr'><strong>meris</strong></span> <span class='ocrx_word' id='word_1_78' title='bbox 266 1452 410 1538; x_wconf 86' lang='lat' dir='ltr'><strong>gentibus</strong></span> <span class='ocrx_word' id='word_1_79' title='bbox 445 1451 624 1519; x_wconf 87' lang='lat' dir='ltr'><strong>eiuitetihus</strong></span> <span class='ocrx_word' id='word_1_80' title='bbox 657 1451 778 1535; x_wconf 88' lang='lat' dir='ltr'><strong>populis</strong></span> <span class='ocrx_word' id='word_1_81' title='bbox 805 1441 964 1518; x_wconf 73' lang='lat' dir='ltr'><strong>libertatis</strong></span> <span class='ocrx_word' id='word_1_82' title='bbox 984 1451 1033 1517; x_wconf 91' lang='lat' dir='ltr'><strong>ius</strong></span> <span class='ocrx_word' id='word_1_83' title='bbox 1055 1450 1180 1534; x_wconf 88' lang='lat' dir='ltr'><strong>raptum</strong></span> <span class='ocrx_word' id='word_1_84' title='bbox 1203 1453 1251 1516; x_wconf 90' lang='lat' dir='ltr'><strong>est</strong></span> 
     </span>
     <span class='ocr_line' id='line_1_11' title="bbox 103 1552 1336 1642; baseline -0.006 -22"><span class='ocrx_word' id='word_1_85' title='bbox 103 1579 133 1620; x_wconf 82' lang='grc' dir='ltr'><strong>ιο</strong></span> <span class='ocrx_word' id='word_1_86' title='bbox 143 1558 174 1622; x_wconf 87' lang='lat' dir='ltr'><strong>et</strong></span> <span class='ocrx_word' id='word_1_87' title='bbox 202 1557 311 1640; x_wconf 86' lang='lat' dir='ltr'><strong>iugum</strong></span> <span class='ocrx_word' id='word_1_88' title='bbox 336 1553 342 1642; x_wconf 78' lang='grc' dir='ltr'>Ι</span> <span class='ocrx_word' id='word_1_89' title='bbox 366 1555 526 1622; x_wconf 86' lang='lat' dir='ltr'><strong>seruitutis</strong></span> <span class='ocrx_word' id='word_1_90' title='bbox 558 1556 744 1639; x_wconf 81' lang='lat' dir='ltr'><strong>inpositum,</strong></span> <span class='ocrx_word' id='word_1_91' title='bbox 778 1554 954 1636; x_wconf 90' lang='lat' dir='ltr'><strong>multaeque</strong></span> <span class='ocrx_word' id='word_1_92' title='bbox 983 1572 1030 1620; x_wconf 83' lang='lat' dir='ltr'><strong>ros</strong></span> <span class='ocrx_word' id='word_1_93' title='bbox 1064 1554 1143 1619; x_wconf 87' lang='lat' dir='ltr'><strong>aliae</strong></span> <span class='ocrx_word' id='word_1_94' title='bbox 1175 1552 1336 1619; x_wconf 75' lang='lat' dir='ltr'><strong>lorisureu</strong></span> 
     </span>
     <span class='ocr_line' id='line_1_12' title="bbox 142 1657 1252 1744; baseline -0.002 -20"><span class='ocrx_word' id='word_1_95' title='bbox 142 1659 285 1741; x_wconf 85' lang='lat' dir='ltr'><strong>domique</strong></span> <span class='ocrx_word' id='word_1_96' title='bbox 313 1657 466 1744; x_wconf 79' lang='lat' dir='ltr'><strong>perfectae</strong></span> <span class='ocrx_word' id='word_1_97' title='bbox 492 1657 684 1724; x_wconf 83' lang='lat' dir='ltr'><strong>ineluetabili</strong></span> <span class='ocrx_word' id='word_1_98' title='bbox 713 1657 860 1723; x_wconf 87' lang='lat' dir='ltr'><strong>firmitate</strong></span> <span class='ocrx_word' id='word_1_99' title='bbox 885 1657 987 1742; x_wconf 84' lang='lat' dir='ltr'><strong>gentis</strong></span> <span class='ocrx_word' id='word_1_100' title='bbox 1008 1674 1119 1723; x_wconf 89' lang='lat' dir='ltr'><strong>nomen</strong></span> <span class='ocrx_word' id='word_1_101' title='bbox 1140 1657 1252 1722; x_wconf 89' lang='lat' dir='ltr'><strong>maiss-</strong></span> 
     </span>
     <span class='ocr_line' id='line_1_13' title="bbox 141 1759 1252 1844; baseline -0.004 -16"><span class='ocrx_word' id='word_1_102' title='bbox 141 1763 299 1844; x_wconf 88' lang='lat' dir='ltr'><strong>tatemqne</strong></span> <span class='ocrx_word' id='word_1_103' title='bbox 326 1761 504 1828; x_wconf 84' lang='lat' dir='ltr'><strong>funderunt.</strong></span> <span class='ocrx_word' id='word_1_104' title='bbox 538 1762 566 1828; x_wconf 94' lang='lat' dir='ltr'><strong>si</strong></span> <span class='ocrx_word' id='word_1_105' title='bbox 587 1779 695 1827; x_wconf 89' lang='lat' dir='ltr'><strong>uerum</strong></span> <span class='ocrx_word' id='word_1_106' title='bbox 725 1761 868 1826; x_wconf 83' lang='lat' dir='ltr'><strong>locuntur</strong></span> <span class='ocrx_word' id='word_1_107' title='bbox 888 1761 1033 1826; x_wconf 82' lang='lat' dir='ltr'><strong>historiae</strong></span> <span class='ocrx_word' id='word_1_108' title='bbox 1053 1777 1150 1842; x_wconf 88' lang='lat' dir='ltr'><strong>neque</strong></span> <span class='ocrx_word' id='word_1_109' title='bbox 1171 1759 1252 1824; x_wconf 84' lang='lat' dir='ltr'><strong>ullas</strong></span> 
     </span>
     <span class='ocr_line' id='line_1_14' title="bbox 141 1862 1251 1948; baseline -0.003 -17"><span class='ocrx_word' id='word_1_110' title='bbox 141 1867 282 1931; x_wconf 88' lang='lat' dir='ltr'><strong>inserunt</strong></span> <span class='ocrx_word' id='word_1_111' title='bbox 302 1883 405 1931; x_wconf 89' lang='lat' dir='ltr'><strong>rerum</strong></span> <span class='ocrx_word' id='word_1_112' title='bbox 426 1863 700 1947; x_wconf 88' lang='lat' dir='ltr'><strong>oonseriptionibus</strong></span> <span class='ocrx_word' id='word_1_113' title='bbox 721 1863 882 1944; x_wconf 84' lang='lat' dir='ltr'><strong>falsitates,</strong></span> <span class='ocrx_word' id='word_1_114' title='bbox 906 1863 1045 1930; x_wconf 86' lang='lat' dir='ltr'><strong>adlatum</strong></span> <span class='ocrx_word' id='word_1_115' title='bbox 1066 1882 1102 1929; x_wconf 83' lang='lat' dir='ltr'><strong>er</strong></span> <span class='ocrx_word' id='word_1_116' title='bbox 1115 1862 1251 1948; x_wconf 83' lang='lat' dir='ltr'><strong>Phrygia</strong></span> 
     </span>
     <span class='ocr_line' id='line_1_15' title="bbox 141 1966 1317 2064; baseline -0.003 -30"><span class='ocrx_word' id='word_1_117' title='bbox 141 1969 220 2034; x_wconf 88' lang='lat' dir='ltr'><strong>nihil</strong></span> <span class='ocrx_word' id='word_1_118' title='bbox 241 1968 366 2051; x_wconf 89' lang='lat' dir='ltr'><strong>quidem</strong></span> <span class='ocrx_word' id='word_1_119' title='bbox 387 1969 472 2036; x_wconf 89' lang='lat' dir='ltr'><strong>aliud</strong></span> <span class='ocrx_word' id='word_1_120' title='bbox 493 1967 638 2034; x_wconf 89' lang='lat' dir='ltr'><strong>sorihitnr</strong></span> <span class='ocrx_word' id='word_1_121' title='bbox 659 1968 790 2032; x_wconf 90' lang='lat' dir='ltr'><strong>missum</strong></span> <span class='ocrx_word' id='word_1_122' title='bbox 811 1985 882 2052; x_wconf 81' lang='lat' dir='ltr'><strong>rege</strong></span> <span class='ocrx_word' id='word_1_123' title='bbox 903 1967 942 2032; x_wconf 88' lang='lat' dir='ltr'><strong>ab</strong></span> <span class='ocrx_word' id='word_1_124' title='bbox 957 1966 1076 2045; x_wconf 78' lang='lat' dir='ltr'><strong>Attalo,</strong></span> <span class='ocrx_word' id='word_1_125' title='bbox 1096 1967 1158 2064; x_wconf 78' lang='lat' dir='ltr'><strong>nisi</strong></span> <span class='ocrx_word' id='word_1_126' title='bbox 1172 1966 1252 2050; x_wconf 87' lang='lat' dir='ltr'><strong>lapis</strong></span> <span class='ocrx_word' id='word_1_127' title='bbox 1315 1979 1317 1984; x_wconf 79' lang='grc'>’</span> 
     </span>
     <span class='ocr_line' id='line_1_16' title="bbox 105 2068 1254 2156; baseline -0.003 -19"><span class='ocrx_word' id='word_1_128' title='bbox 105 2071 268 2154; x_wconf 74' lang='lat' dir='ltr'><strong>sequidem</strong></span> <span class='ocrx_word' id='word_1_129' title='bbox 289 2089 349 2137; x_wconf 91' lang='lat' dir='ltr'><strong>non</strong></span> <span class='ocrx_word' id='word_1_130' title='bbox 371 2089 511 2156; x_wconf 79' lang='lat' dir='ltr'><strong>magnus,</strong></span> <span class='ocrx_word' id='word_1_131' title='bbox 533 2070 607 2136; x_wconf 84' lang='lat' dir='ltr'><strong>ferri</strong></span> <span class='ocrx_word' id='word_1_132' title='bbox 628 2088 721 2136; x_wconf 88' lang='lat' dir='ltr'><strong>manu</strong></span> <span class='ocrx_word' id='word_1_133' title='bbox 744 2068 876 2135; x_wconf 91' lang='lat' dir='ltr'><strong>hominis</strong></span> <span class='ocrx_word' id='word_1_134' title='bbox 898 2070 964 2136; x_wconf 92' lang='lat' dir='ltr'><strong>sine</strong></span> <span class='ocrx_word' id='word_1_135' title='bbox 984 2069 1051 2136; x_wconf 88' lang='lat' dir='ltr'><strong>ulla</strong></span> <span class='ocrx_word' id='word_1_136' title='bbox 1069 2069 1254 2152; x_wconf 86' lang='lat' dir='ltr'><strong>inpressione</strong></span> 
     </span>
     <span class='ocr_line' id='line_1_17' title="bbox 142 2172 1255 2258; baseline -0.002 -18"><span class='ocrx_word' id='word_1_137' title='bbox 142 2175 195 2258; x_wconf 90' lang='lat' dir='ltr'><strong>qui</strong></span> <span class='ocrx_word' id='word_1_138' title='bbox 224 2176 343 2258; x_wconf 89' lang='lat' dir='ltr'><strong>posset,</strong></span> <span class='ocrx_word' id='word_1_139' title='bbox 375 2174 484 2240; x_wconf 82' lang='lat' dir='ltr'><strong>eoloris</strong></span> <span class='ocrx_word' id='word_1_140' title='bbox 513 2173 596 2238; x_wconf 80' lang='lat' dir='ltr'><strong>furui</strong></span> <span class='ocrx_word' id='word_1_141' title='bbox 624 2174 715 2256; x_wconf 82' lang='lat' dir='ltr'><strong>etque</strong></span> <span class='ocrx_word' id='word_1_142' title='bbox 744 2174 820 2256; x_wconf 84' lang='lat' dir='ltr'><strong>etri,</strong></span> <span class='ocrx_word' id='word_1_143' title='bbox 852 2172 983 2257; x_wconf 79' lang='lat' dir='ltr'><strong>angellis</strong></span> <span class='ocrx_word' id='word_1_144' title='bbox 1009 2173 1255 2258; x_wconf 85' lang='lat' dir='ltr'><strong>prominentibus</strong></span> 
     </span>
     <span class='ocr_line' id='line_1_18' title="bbox 142 2275 1254 2362; baseline -0.002 -19"><span class='ocrx_word' id='word_1_145' title='bbox 142 2278 327 2362; x_wconf 87' lang='lat' dir='ltr'><strong>inaequalis,</strong></span> <span class='ocrx_word' id='word_1_146' title='bbox 357 2277 388 2343; x_wconf 89' lang='lat' dir='ltr'><strong>et</strong></span> <span class='ocrx_word' id='word_1_147' title='bbox 417 2296 507 2360; x_wconf 89' lang='lat' dir='ltr'><strong>quern</strong></span> <span class='ocrx_word' id='word_1_148' title='bbox 537 2295 639 2344; x_wconf 91' lang='lat' dir='ltr'><strong>omnes</strong></span> <span class='ocrx_word' id='word_1_149' title='bbox 667 2276 756 2341; x_wconf 91' lang='lat' dir='ltr'><strong>hodie</strong></span> <span class='ocrx_word' id='word_1_150' title='bbox 784 2277 851 2358; x_wconf 92' lang='lat' dir='ltr'><strong>ipso</strong></span> <span class='ocrx_word' id='word_1_151' title='bbox 871 2276 926 2341; x_wconf 91' lang='lat' dir='ltr'><strong>illo</strong></span> <span class='ocrx_word' id='word_1_152' title='bbox 948 2275 1088 2342; x_wconf 89' lang='lat' dir='ltr'><strong>uidemus</strong></span> <span class='ocrx_word' id='word_1_153' title='bbox 1110 2277 1143 2342; x_wconf 92' lang='lat' dir='ltr'><strong>iu</strong></span> <span class='ocrx_word' id='word_1_154' title='bbox 1165 2275 1254 2360; x_wconf 86' lang='lat' dir='ltr'><strong>signo</strong></span> 
     </span>
     <span class='ocr_line' id='line_1_19' title="bbox 143 2378 1253 2474; baseline 0.001 -32"><span class='ocrx_word' id='word_1_155' title='bbox 143 2380 205 2445; x_wconf 91' lang='lat' dir='ltr'><strong>oris</strong></span> <span class='ocrx_word' id='word_1_156' title='bbox 225 2381 291 2446; x_wconf 87' lang='lat' dir='ltr'><strong>looo</strong></span> <span class='ocrx_word' id='word_1_157' title='bbox 313 2380 463 2463; x_wconf 82' lang='lat' dir='ltr'><strong>positum,</strong></span> <span class='ocrx_word' id='word_1_158' title='bbox 492 2380 665 2446; x_wconf 87' lang='lat' dir='ltr'><strong>indolatum</strong></span> <span class='ocrx_word' id='word_1_159' title='bbox 686 2381 718 2444; x_wconf 92' lang='lat' dir='ltr'><strong>et</strong></span> <span class='ocrx_word' id='word_1_160' title='bbox 739 2397 880 2464; x_wconf 89' lang='lat' dir='ltr'><strong>asperum</strong></span> <span class='ocrx_word' id='word_1_161' title='bbox 904 2381 936 2443; x_wconf 90' lang='lat' dir='ltr'><strong>et</strong></span> <span class='ocrx_word' id='word_1_162' title='bbox 949 2379 1120 2474; x_wconf 67' lang='lat' dir='ltr'><strong>⁴simulacro</strong></span> <span class='ocrx_word' id='word_1_163' title='bbox 1141 2378 1253 2445; x_wconf 85' lang='lat' dir='ltr'><strong>faeiem</strong></span> 
     </span>
     <span class='ocr_line' id='line_1_20' title="bbox 143 2481 1306 2567; baseline -0.003 -19"><span class='ocrx_word' id='word_1_164' title='bbox 143 2484 248 2548; x_wconf 89' lang='lat' dir='ltr'><strong>miuus</strong></span> <span class='ocrx_word' id='word_1_165' title='bbox 273 2501 445 2567; x_wconf 85' lang='lat' dir='ltr'><strong>expressam</strong></span> <span class='ocrx_word' id='word_1_166' title='bbox 471 2483 666 2549; x_wconf 90' lang='lat' dir='ltr'><strong>simulatione</strong></span> <span class='ocrx_word' id='word_1_167' title='bbox 690 2482 894 2566; x_wconf 86' lang='lat' dir='ltr'><strong>praebentem.</strong></span> <span class='ocrx_word' id='word_1_168' title='bbox 918 2481 993 2564; x_wconf 88' lang='lat' dir='ltr'><strong>quid</strong></span> <span class='ocrx_word' id='word_1_169' title='bbox 1007 2499 1078 2566; x_wconf 83' lang='lat' dir='ltr'><strong>ergo</strong></span> <span class='ocrx_word' id='word_1_170' title='bbox 1093 2481 1250 2548; x_wconf 78' lang='lat' dir='ltr'><strong>disemus?</strong></span> <span class='ocrx_word' id='word_1_171' title='bbox 1263 2484 1306 2544; x_wconf 70' lang='lat' dir='ltr'><strong>ib</strong></span> 
     </span>
     <span class='ocr_line' id='line_1_21' title="bbox 107 2584 1253 2668; baseline 0 -19"><span class='ocrx_word' id='word_1_172' title='bbox 107 2609 135 2650; x_wconf 76' lang='lat'><strong>20</strong></span> <span class='ocrx_word' id='word_1_173' title='bbox 144 2585 353 2652; x_wconf 87' lang='lat' dir='ltr'><strong>Hannibalem</strong></span> <span class='ocrx_word' id='word_1_174' title='bbox 373 2586 466 2651; x_wconf 91' lang='lat' dir='ltr'><strong>illum</strong></span> <span class='ocrx_word' id='word_1_175' title='bbox 479 2587 626 2666; x_wconf 88' lang='lat' dir='ltr'><strong>Poenum,</strong></span> <span class='ocrx_word' id='word_1_176' title='bbox 648 2586 768 2651; x_wconf 89' lang='lat' dir='ltr'><strong>hostem</strong></span> <span class='ocrx_word' id='word_1_177' title='bbox 789 2586 945 2668; x_wconf 89' lang='lat' dir='ltr'><strong>potentem</strong></span> <span class='ocrx_word' id='word_1_178' title='bbox 966 2604 1001 2651; x_wconf 88' lang='lat' dir='ltr'><strong>ao</strong></span> <span class='ocrx_word' id='word_1_179' title='bbox 1023 2584 1171 2664; x_wconf 88' lang='lat' dir='ltr'><strong>ualidum,</strong></span> <span class='ocrx_word' id='word_1_180' title='bbox 1194 2584 1253 2650; x_wconf 90' lang='lat' dir='ltr'><strong>sub</strong></span> 
     </span>
     <span class='ocr_line' id='line_1_22' title="bbox 144 2688 1253 2772; baseline -0.001 -18"><span class='ocrx_word' id='word_1_181' title='bbox 144 2706 203 2772; x_wconf 87' lang='lat' dir='ltr'><strong>qno</strong></span> <span class='ocrx_word' id='word_1_182' title='bbox 236 2706 345 2772; x_wconf 89' lang='lat' dir='ltr'><strong>anoops</strong></span> <span class='ocrx_word' id='word_1_183' title='bbox 373 2691 405 2754; x_wconf 89' lang='lat' dir='ltr'><strong>et</strong></span> <span class='ocrx_word' id='word_1_184' title='bbox 433 2689 527 2755; x_wconf 88' lang='lat' dir='ltr'><strong>dubie</strong></span> <span class='ocrx_word' id='word_1_185' title='bbox 556 2707 603 2753; x_wconf 86' lang='lat' dir='ltr'><strong>res</strong></span> <span class='ocrx_word' id='word_1_186' title='bbox 632 2689 771 2753; x_wconf 82' lang='lat' dir='ltr'><strong>Romana</strong></span> <span class='ocrx_word' id='word_1_187' title='bbox 799 2688 983 2754; x_wconf 83' lang='lat' dir='ltr'><strong>contremuit</strong></span> <span class='ocrx_word' id='word_1_188' title='bbox 1012 2690 1043 2753; x_wconf 90' lang='lat' dir='ltr'><strong>et</strong></span> <span class='ocrx_word' id='word_1_189' title='bbox 1071 2688 1253 2772; x_wconf 75' lang='lat' dir='ltr'><strong>magnitudo</strong></span> 
     </span>
     <span class='ocr_line' id='line_1_23' title="bbox 145 2789 1250 2876; baseline -0.001 -21"><span class='ocrx_word' id='word_1_190' title='bbox 145 2791 352 2874; x_wconf 70' lang='lat' dir='ltr'><strong>*trepidauit</strong></span> <span class='ocrx_word' id='word_1_191' title='bbox 375 2792 453 2875; x_wconf 88' lang='lat' dir='ltr'><strong>lapis</strong></span> <span class='ocrx_word' id='word_1_192' title='bbox 475 2810 511 2857; x_wconf 88' lang='lat' dir='ltr'><strong>er</strong></span> <span class='ocrx_word' id='word_1_193' title='bbox 525 2791 618 2857; x_wconf 86' lang='lat' dir='ltr'><strong>Italia</strong></span> <span class='ocrx_word' id='word_1_194' title='bbox 640 2790 767 2875; x_wconf 80' lang='lat' dir='ltr'><strong>depulit,</strong></span> <span class='ocrx_word' id='word_1_195' title='bbox 789 2791 867 2875; x_wconf 89' lang='lat' dir='ltr'><strong>lapis</strong></span> <span class='ocrx_word' id='word_1_196' title='bbox 890 2791 993 2876; x_wconf 78' lang='lat' dir='ltr'><strong>fregit,</strong></span> <span class='ocrx_word' id='word_1_197' title='bbox 1014 2789 1094 2875; x_wconf 91' lang='lat' dir='ltr'><strong>lapis</strong></span> <span class='ocrx_word' id='word_1_198' title='bbox 1107 2789 1250 2875; x_wconf 78' lang='lat' dir='ltr'><strong>fugarem</strong></span> 
     </span>
     <span class='ocr_line' id='line_1_24' title="bbox 145 2893 1254 2978; baseline -0.001 -19"><span class='ocrx_word' id='word_1_199' title='bbox 145 2912 179 2959; x_wconf 87' lang='lat' dir='ltr'><strong>ae</strong></span> <span class='ocrx_word' id='word_1_200' title='bbox 200 2894 347 2960; x_wconf 89' lang='lat' dir='ltr'><strong>timidum</strong></span> <span class='ocrx_word' id='word_1_201' title='bbox 368 2895 475 2978; x_wconf 89' lang='lat' dir='ltr'><strong>suique</strong></span> <span class='ocrx_word' id='word_1_202' title='bbox 497 2911 561 2960; x_wconf 89' lang='lat' dir='ltr'><strong>esse</strong></span> <span class='ocrx_word' id='word_1_203' title='bbox 583 2894 765 2960; x_wconf 90' lang='lat' dir='ltr'><strong>dissimilem</strong></span> <span class='ocrx_word' id='word_1_204' title='bbox 786 2893 881 2960; x_wconf 81' lang='lat' dir='ltr'><strong>feeit?</strong></span> <span class='ocrx_word' id='word_1_205' title='bbox 902 2895 934 2959; x_wconf 91' lang='lat' dir='ltr'><strong>et</strong></span> <span class='ocrx_word' id='word_1_206' title='bbox 954 2893 1034 2977; x_wconf 83' lang='lat' dir='ltr'><strong>quod</strong></span> <span class='ocrx_word' id='word_1_207' title='bbox 1055 2912 1160 2961; x_wconf 89' lang='lat' dir='ltr'><strong>rursus</strong></span> <span class='ocrx_word' id='word_1_208' title='bbox 1181 2895 1254 2960; x_wconf 93' lang='lat' dir='ltr'><strong>urbs</strong></span> 
     </span>
     <span class='ocr_line' id='line_1_25' title="bbox 145 2997 1257 3082; baseline -0.001 -20"><span class='ocrx_word' id='word_1_209' title='bbox 145 2999 282 3063; x_wconf 82' lang='lat' dir='ltr'><strong>exsiliuit</strong></span> <span class='ocrx_word' id='word_1_210' title='bbox 302 2999 341 3064; x_wconf 93' lang='lat' dir='ltr'><strong>ad</strong></span> <span class='ocrx_word' id='word_1_211' title='bbox 362 2998 484 3082; x_wconf 89' lang='lat' dir='ltr'><strong>imperii</strong></span> <span class='ocrx_word' id='word_1_212' title='bbox 505 2999 646 3065; x_wconf 89' lang='lat' dir='ltr'><strong>oolumen</strong></span> <span class='ocrx_word' id='word_1_213' title='bbox 667 3001 699 3064; x_wconf 91' lang='lat' dir='ltr'><strong>et</strong></span> <span class='ocrx_word' id='word_1_214' title='bbox 719 2997 838 3082; x_wconf 85' lang='lat' dir='ltr'><strong>regium</strong></span> <span class='ocrx_word' id='word_1_215' title='bbox 852 2998 1069 3082; x_wconf 79' lang='lat' dir='ltr'><strong>principatum,</strong></span> <span class='ocrx_word' id='word_1_216' title='bbox 1092 2998 1172 3064; x_wconf 88' lang='lat' dir='ltr'><strong>nihil</strong></span> <span class='ocrx_word' id='word_1_217' title='bbox 1186 3015 1257 3064; x_wconf 90' lang='lat' dir='ltr'><strong>oon-</strong></span> 
     </span>
     <span class='ocr_line' id='line_1_26' title="bbox 111 3101 1256 3182; baseline -0.001 -16"><span class='ocrx_word' id='word_1_218' title='bbox 111 3101 224 3166; x_wconf 78' lang='lat' dir='ltr'><strong>eesiliis</strong></span> <span class='ocrx_word' id='word_1_219' title='bbox 246 3104 350 3168; x_wconf 88' lang='lat' dir='ltr'><strong>sotum</strong></span> <span class='ocrx_word' id='word_1_220' title='bbox 371 3103 428 3182; x_wconf 85' lang='lat' dir='ltr'><strong>est,</strong></span> <span class='ocrx_word' id='word_1_221' title='bbox 450 3101 529 3168; x_wconf 92' lang='lat' dir='ltr'><strong>nihil</strong></span> <span class='ocrx_word' id='word_1_222' title='bbox 550 3102 709 3167; x_wconf 90' lang='lat' dir='ltr'><strong>hominum</strong></span> <span class='ocrx_word' id='word_1_223' title='bbox 731 3101 860 3179; x_wconf 84' lang='lat' dir='ltr'><strong>uiribus,</strong></span> <span class='ocrx_word' id='word_1_224' title='bbox 887 3119 943 3166; x_wconf 86' lang='lat' dir='ltr'><strong>neo</strong></span> <span class='ocrx_word' id='word_1_225' title='bbox 964 3101 1003 3167; x_wconf 86' lang='lat' dir='ltr'><strong>ad</strong></span> <span class='ocrx_word' id='word_1_226' title='bbox 1025 3101 1159 3167; x_wconf 89' lang='lat' dir='ltr'><strong>reditum</strong></span> <span class='ocrx_word' id='word_1_227' title='bbox 1182 3101 1256 3167; x_wconf 90' lang='lat' dir='ltr'><strong>suh-</strong></span> 
     </span>
     <span class='ocr_line' id='line_1_27' title="bbox 145 3203 1256 3288; baseline 0 -20"><span class='ocrx_word' id='word_1_228' title='bbox 145 3204 290 3270; x_wconf 89' lang='lat' dir='ltr'><strong>hmitatis</strong></span> <span class='ocrx_word' id='word_1_229' title='bbox 327 3205 471 3288; x_wconf 87' lang='lat' dir='ltr'><strong>antiquae</strong></span> <span class='ocrx_word' id='word_1_230' title='bbox 507 3206 554 3268; x_wconf 88' lang='lat' dir='ltr'><strong>tot</strong></span> <span class='ocrx_word' id='word_1_231' title='bbox 590 3203 745 3286; x_wconf 90' lang='lat' dir='ltr'><strong>tantisque</strong></span> <span class='ocrx_word' id='word_1_232' title='bbox 776 3203 814 3269; x_wconf 95' lang='lat' dir='ltr'><strong>ah</strong></span> <span class='ocrx_word' id='word_1_233' title='bbox 849 3203 977 3270; x_wconf 82' lang='lat' dir='ltr'><strong>ducibus</strong></span> <span class='ocrx_word' id='word_1_234' title='bbox 1010 3205 1175 3287; x_wconf 85' lang='lat' dir='ltr'><strong>quiequam</strong></span> <span class='ocrx_word' id='word_1_235' title='bbox 1208 3205 1256 3270; x_wconf 90' lang='lat' dir='ltr'><strong>est</strong></span> 
     </span>
     <span class='ocr_line' id='line_1_28' title="bbox 146 3305 1253 3390; baseline 0.001 -20"><span class='ocrx_word' id='word_1_236' title='bbox 146 3307 273 3374; x_wconf 88' lang='lat' dir='ltr'><strong>seientia</strong></span> <span class='ocrx_word' id='word_1_237' title='bbox 301 3305 431 3372; x_wconf 86' lang='lat' dir='ltr'><strong>militari</strong></span> <span class='ocrx_word' id='word_1_238' title='bbox 461 3309 515 3373; x_wconf 90' lang='lat' dir='ltr'><strong>aut</strong></span> <span class='ocrx_word' id='word_1_239' title='bbox 541 3326 643 3373; x_wconf 89' lang='lat' dir='ltr'><strong>rerum</strong></span> <span class='ocrx_word' id='word_1_240' title='bbox 665 3305 851 3389; x_wconf 80' lang='lat' dir='ltr'><strong>experientia</strong></span> <span class='ocrx_word' id='word_1_241' title='bbox 872 3307 1047 3374; x_wconf 78' lang='lat' dir='ltr'><strong>eonletum?</strong></span> <span class='ocrx_word' id='word_1_242' title='bbox 1079 3307 1159 3390; x_wconf 90' lang='lat' dir='ltr'><strong>lapie</strong></span> <span class='ocrx_word' id='word_1_243' title='bbox 1181 3306 1253 3372; x_wconf 88' lang='lat' dir='ltr'><strong>eliis</strong></span> 
     </span>
     <span class='ocr_line' id='line_1_29' title="bbox 146 3409 1254 3494; baseline 0 -20"><span class='ocrx_word' id='word_1_244' title='bbox 146 3409 237 3489; x_wconf 72' lang='lat' dir='ltr'><strong>uires,</strong></span> <span class='ocrx_word' id='word_1_245' title='bbox 253 3410 323 3474; x_wconf 87' lang='lat' dir='ltr'><strong>eliis</strong></span> <span class='ocrx_word' id='word_1_246' title='bbox 337 3409 453 3476; x_wconf 88' lang='lat' dir='ltr'><strong>roboris</strong></span> <span class='ocrx_word' id='word_1_247' title='bbox 468 3409 679 3476; x_wconf 90' lang='lat' dir='ltr'><strong>infirmitatem</strong></span> <span class='ocrx_word' id='word_1_248' title='bbox 694 3410 789 3490; x_wconf 88' lang='lat' dir='ltr'><strong>dedit,</strong></span> <span class='ocrx_word' id='word_1_249' title='bbox 811 3411 866 3476; x_wconf 90' lang='lat' dir='ltr'><strong>hos</strong></span> <span class='ocrx_word' id='word_1_250' title='bbox 881 3411 1023 3476; x_wconf 87' lang='lat' dir='ltr'><strong>seonudis</strong></span> <span class='ocrx_word' id='word_1_251' title='bbox 1037 3409 1254 3494; x_wconf 78' lang='lat' dir='ltr'><strong>praecipitauit</strong></span> 
     </span>
     <span class='ocr_line' id='line_1_30' title="bbox 145 3512 1257 3595; baseline 0 -17"><span class='ocrx_word' id='word_1_252' title='bbox 145 3513 182 3578; x_wconf 88' lang='lat' dir='ltr'><strong>eb</strong></span> <span class='ocrx_word' id='word_1_253' title='bbox 205 3513 305 3594; x_wconf 86' lang='lat' dir='ltr'><strong>rebus,</strong></span> <span class='ocrx_word' id='word_1_254' title='bbox 328 3512 458 3580; x_wconf 89' lang='lat' dir='ltr'><strong>aliorum</strong></span> <span class='ocrx_word' id='word_1_255' title='bbox 474 3513 585 3578; x_wconf 83' lang='lat' dir='ltr'><strong>ertuht</strong></span> <span class='ocrx_word' id='word_1_256' title='bbox 600 3514 715 3578; x_wconf 87' lang='lat' dir='ltr'><strong>stratas</strong></span> <span class='ocrx_word' id='word_1_257' title='bbox 729 3514 937 3595; x_wconf 82' lang='lat' dir='ltr'><strong>desperatione</strong></span> <span class='ocrx_word' id='word_1_258' title='bbox 957 3513 1119 3580; x_wconf 78' lang='lat' dir='ltr'><strong>fortrmes?</strong></span> <span class='ocrx_word' id='word_1_259' title='bbox 1141 3515 1257 3595; x_wconf 89' lang='lat' dir='ltr'><strong>etquis</strong></span> 
     </span>
     <span class='ocr_line' id='line_1_31' title="bbox 113 3615 1256 3701; baseline 0.003 -22"><span class='ocrx_word' id='word_1_260' title='bbox 113 3615 303 3682; x_wconf 80' lang='lat' dir='ltr'><strong>eohominum</strong></span> <span class='ocrx_word' id='word_1_261' title='bbox 335 3615 437 3682; x_wconf 87' lang='lat' dir='ltr'><strong>erodet</strong></span> <span class='ocrx_word' id='word_1_262' title='bbox 470 3617 553 3682; x_wconf 88' lang='lat' dir='ltr'><strong>terre</strong></span> <span class='ocrx_word' id='word_1_263' title='bbox 586 3617 744 3698; x_wconf 88' lang='lat' dir='ltr'><strong>sumptum</strong></span> <span class='ocrx_word' id='word_1_264' title='bbox 776 3617 926 3699; x_wconf 83' lang='lat' dir='ltr'><strong>lapidem,</strong></span> <span class='ocrx_word' id='word_1_265' title='bbox 959 3634 1049 3683; x_wconf 89' lang='lat' dir='ltr'><strong>sensu</strong></span> <span class='ocrx_word' id='word_1_266' title='bbox 1076 3616 1256 3701; x_wconf 79' lang='lat' dir='ltr'><strong>agitabilem</strong></span> 
     </span>
     <span class='ocr_line' id='line_1_32' title="bbox 146 3719 1259 3806; baseline 0.001 -22"><span class='ocrx_word' id='word_1_267' title='bbox 146 3720 241 3802; x_wconf 83' lang='lat' dir='ltr'><strong>nullo,</strong></span> <span class='ocrx_word' id='word_1_268' title='bbox 256 3719 400 3806; x_wconf 81' lang='lat' dir='ltr'><strong>fuliginei</strong></span> <span class='ocrx_word' id='word_1_269' title='bbox 411 3719 519 3786; x_wconf 89' lang='lat' dir='ltr'><strong>eoloris</strong></span> <span class='ocrx_word' id='word_1_270' title='bbox 531 3720 622 3802; x_wconf 86' lang='lat' dir='ltr'><strong>atque</strong></span> <span class='ocrx_word' id='word_1_271' title='bbox 633 3720 726 3801; x_wconf 55' lang='lat' dir='ltr'><strong>atri„</strong></span> <span class='ocrx_word' id='word_1_272' title='bbox 737 3719 878 3803; x_wconf 82' lang='lat' dir='ltr'><strong>eorporis,</strong></span> <span class='ocrx_word' id='word_1_273' title='bbox 895 3720 987 3787; x_wconf 90' lang='lat' dir='ltr'><strong>deum</strong></span> <span class='ocrx_word' id='word_1_274' title='bbox 997 3720 1092 3786; x_wconf 82' lang='lat' dir='ltr'><strong>luisse</strong></span> <span class='ocrx_word' id='word_1_275' title='bbox 1104 3723 1259 3786; x_wconf 79' lang='lat' dir='ltr'><strong>matrem?</strong></span> 
     </span>
    </p>
   </div>
   <div class='ocr_carea' id='block_1_3' title="bbox 85 3958 1259 4454">
    <p class='ocr_par' dir='ltr' id='par_1_3' title="bbox 85 3958 1259 4454">
     <span class='ocr_line' id='line_1_33' title="bbox 178 3958 1256 4029; baseline 0.002 -17"><span class='ocrx_word' id='word_1_276' title='bbox 178 3958 295 4014; x_wconf 84' lang='lat' dir='ltr'><strong>3iuisse</strong></span> <span class='ocrx_word' id='word_1_277' title='bbox 313 3959 361 4015; x_wconf 89' lang='lat' dir='ltr'><strong>uni</strong></span> <span class='ocrx_word' id='word_1_278' title='bbox 377 3961 485 4015; x_wconf 88' lang='lat' dir='ltr'><strong>tantum</strong></span> <span class='ocrx_word' id='word_1_279' title='bbox 504 3960 592 4016; x_wconf 84' lang='lat' dir='ltr'><strong>oddo</strong></span> <span class='ocrx_word' id='word_1_280' title='bbox 695 3961 801 4014; x_wconf 76' lang='lat' dir='ltr'><strong>iurhis</strong></span> <span class='ocrx_word' id='word_1_281' title='bbox 819 3960 855 4026; x_wconf 87' lang='lat' dir='ltr'><strong>P,</strong></span> <span class='ocrx_word' id='word_1_282' title='bbox 877 3960 932 4016; x_wconf 79' lang='lat' dir='ltr'><strong>Sub</strong></span> <span class='ocrx_word' id='word_1_283' title='bbox 949 3973 1010 4015; x_wconf 78' lang='lat' dir='ltr'><strong>corr</strong></span> <span class='ocrx_word' id='word_1_284' title='bbox 1026 3965 1049 4014; x_wconf 82' lang='lat' dir='ltr'><strong>o‘</strong></span> <span class='ocrx_word' id='word_1_285' title='bbox 1150 3961 1184 4014; x_wconf 83' lang='lat'><strong>13</strong></span> <span class='ocrx_word' id='word_1_286' title='bbox 1200 3959 1256 4029; x_wconf 78' lang='lat' dir='ltr'><strong>fry-</strong></span> 
     </span>
     <span class='ocr_line' id='line_1_34' title="bbox 146 4043 1257 4116; baseline 0.003 -18"><span class='ocrx_word' id='word_1_287' title='bbox 146 4043 192 4110; x_wconf 81' lang='lat' dir='ltr'><strong>gia</strong></span> <span class='ocrx_word' id='word_1_288' title='bbox 208 4044 236 4098; x_wconf 92' lang='lat' dir='ltr'><strong><em>P</em></strong></span> <span class='ocrx_word' id='word_1_289' title='bbox 348 4046 382 4099; x_wconf 86' lang='lat'><strong>14</strong></span> <span class='ocrx_word' id='word_1_290' title='bbox 398 4045 504 4114; x_wconf 87' lang='lat' dir='ltr'><strong>quidem</strong></span> <span class='ocrx_word' id='word_1_291' title='bbox 522 4046 593 4100; x_wconf 71' lang='lat' dir='ltr'><strong>Sub.-</strong></span> <span class='ocrx_word' id='word_1_292' title='bbox 615 4045 680 4113; x_wconf 88' lang='lat' dir='ltr'><strong>quid</strong></span> <span class='ocrx_word' id='word_1_293' title='bbox 697 4046 725 4099; x_wconf 87' lang='lat' dir='ltr'><em>P</em></span> <span class='ocrx_word' id='word_1_294' title='bbox 824 4047 980 4116; x_wconf 71' lang='lat' dir='ltr'><strong>remgerus</strong></span> <span class='ocrx_word' id='word_1_295' title='bbox 998 4047 1052 4101; x_wconf 73' lang='lat' dir='ltr'><strong>Sub</strong></span> <span class='ocrx_word' id='word_1_296' title='bbox 1163 4047 1197 4100; x_wconf 89' lang='grc'><strong>19</strong></span> <span class='ocrx_word' id='word_1_297' title='bbox 1214 4063 1257 4101; x_wconf 86' lang='lat' dir='ltr'><strong>ex-</strong></span> 
     </span>
     <span class='ocr_line' id='line_1_35' title="bbox 85 4131 1259 4203; baseline 0.005 -23"><span class='ocrx_word' id='word_1_298' title='bbox 85 4173 88 4180; x_wconf 88' lang='lat'>.</span> <span class='ocrx_word' id='word_1_299' title='bbox 145 4143 276 4198; x_wconf 82' lang='lat' dir='ltr'><strong>praeeram</strong></span> <span class='ocrx_word' id='word_1_300' title='bbox 300 4131 328 4185; x_wconf 88' lang='lat' dir='ltr'><strong><em>P</em></strong></span> <span class='ocrx_word' id='word_1_301' title='bbox 461 4133 629 4199; x_wconf 87' lang='lat' dir='ltr'><strong>praeuentem</strong></span> <span class='ocrx_word' id='word_1_302' title='bbox 653 4132 681 4185; x_wconf 88' lang='grc' dir='ltr'><strong><em>Ρ</em></strong></span> <span class='ocrx_word' id='word_1_303' title='bbox 699 4147 793 4186; x_wconf 83' lang='lat' dir='ltr'><strong>corre</strong></span> <span class='ocrx_word' id='word_1_304' title='bbox 925 4133 961 4187; x_wconf 79' lang='grc'><strong>22</strong></span> <span class='ocrx_word' id='word_1_305' title='bbox 984 4135 1110 4189; x_wconf 74' lang='lat' dir='ltr'><strong>laeenam</strong></span> <span class='ocrx_word' id='word_1_306' title='bbox 1132 4134 1259 4203; x_wconf 53' lang='lat' dir='ltr'><strong>Queat.-</strong></span> 
     </span>
     <span class='ocr_line' id='line_1_36' title="bbox 145 4215 1191 4284; baseline 0.006 -16"><span class='ocrx_word' id='word_1_307' title='bbox 145 4215 249 4284; x_wconf 89' lang='lat' dir='ltr'><strong>imperii</strong></span> <span class='ocrx_word' id='word_1_308' title='bbox 260 4215 553 4272; x_wconf 68' lang='lat' dir='ltr'><strong>intmeidbseaa&#39;detar</strong></span> <span class='ocrx_word' id='word_1_309' title='bbox 648 4215 867 4272; x_wconf 62' lang='lat' dir='ltr'><strong>aemesam</strong></span> <span class='ocrx_word' id='word_1_310' title='bbox 962 4218 996 4272; x_wconf 79' lang='grc'><strong>27</strong></span> <span class='ocrx_word' id='word_1_311' title='bbox 1008 4217 1080 4274; x_wconf 81' lang='lat' dir='ltr'><strong>alliis</strong></span> <span class='ocrx_word' id='word_1_312' title='bbox 1093 4219 1191 4274; x_wconf 83' lang='lat' dir='ltr'><strong>Peorr</strong></span> 
     </span>
     <span class='ocr_line' id='line_1_37' title="bbox 145 4299 1189 4374; baseline 0.007 -21"><span class='ocrx_word' id='word_1_313' title='bbox 145 4299 177 4353; x_wconf 86' lang='lat'><strong>31</strong></span> <span class='ocrx_word' id='word_1_314' title='bbox 202 4300 330 4355; x_wconf 72' lang='lat' dir='ltr'><strong>lammam</strong></span> <span class='ocrx_word' id='word_1_315' title='bbox 354 4301 478 4374; x_wconf 67' lang='grc' dir='ltr'><strong>εἰρηααίι</strong></span> <span class='ocrx_word' id='word_1_316' title='bbox 503 4301 579 4370; x_wconf 88' lang='lat' dir='ltr'><strong>perui</strong></span> <span class='ocrx_word' id='word_1_317' title='bbox 601 4301 771 4358; x_wconf 72' lang='lat' dir='ltr'><strong>irdereidiese</strong></span> <span class='ocrx_word' id='word_1_318' title='bbox 791 4303 948 4372; x_wconf 60' lang='lat' dir='ltr'><strong>sepham</strong></span> <span class='ocrx_word' id='word_1_319' title='bbox 971 4302 1189 4360; x_wconf 76' lang='lat' dir='ltr'><strong>Haldebreoada&#39;ao</strong></span> 
     </span>
     <span class='ocr_line' id='line_1_38' title="bbox 145 4385 392 4454; baseline 0.016 -15"><span class='ocrx_word' id='word_1_320' title='bbox 145 4386 259 4454; x_wconf 86' lang='lat' dir='ltr'><strong>eorporis</strong></span> <span class='ocrx_word' id='word_1_321' title='bbox 276 4385 319 4442; x_wconf 80' lang='lat' dir='ltr'><strong>det</strong></span> <span class='ocrx_word' id='word_1_322' title='bbox 341 4387 392 4442; x_wconf 81' lang='lat' dir='ltr'><strong>Ura</strong></span> 
     </span>
    </p>
   </div>
   <div class='ocr_carea' id='block_1_4' title="bbox 0 0 1469 5008">
    <p class='ocr_par' dir='ltr' id='par_1_4' title="bbox 0 0 1469 5008">
     <span class='ocr_line' id='line_1_39' title="bbox 0 0 1469 5008; baseline 0 0"><span class='ocrx_word' id='word_1_323' title='bbox 0 0 1469 5008; x_wconf 95' lang='lat' dir='ltr'><strong> </strong></span> 
     </span>
    </p>
   </div>
  </div>
 </body>
</html>
