2916 5010
249 447 309 512 136
551 443 693 498 Arnobii
714 444 875 498 aduersus
896 443 1052 498 nationes

210 627 212 636 ’
247 616 302 682 alii
329 618 443 682 matres
470 613 565 682 fuisse
594 615 796 682 conscribunt
830 616 908 681 libet
935 615 1021 682 enim
1050 614 1114 680 iam
1136 615 1242 697 paucis
1265 614 1366 680 etiam

156 719 318 802 ,armillas
338 721 440 801 partes
462 719 622 802 attingere,
645 720 756 802 quibus
779 720 859 785 alius
881 719 967 784 alind
990 719 1096 784 eadem
1120 715 1125 804 Ι
1151 720 1188 784 de
1202 737 1235 782 re
1258 718 1365 783 dicere

247 823 423 906 opinionum
445 821 624 889 diuersitate
639 823 862 889 monstramini.
887 822 1027 906 Ephorus
1049 821 1104 886 has
1119 822 1218 906 igitur
1233 839 1366 886 numero

246 943 310 991 esse
332 924 389 992 tris
412 925 508 1004 effert,
532 926 679 1004 Mnaseas,
696 944 786 1008 quem
801 925 945 1004 diximus,
962 925 1118 1008 quattuor,
1141 924 1290 1008 Myrtilus
1311 925 1366 988 in-

247 1029 333 1094 ducit
359 1031 491 1111 septem,
522 1031 589 1098 octo
617 1030 777 1096 aduenerat
798 1028 918 1106 Grates
955 1029 995 1094 ad
1017 1029 1187 1096 extremum
1208 1027 1367 1092 Hesiodus
1389 1051 1399 1090 e

247 1149 356 1197 nonem
372 1150 442 1196 oum
457 1132 633 1198 nominibus
647 1133 759 1215 prodit,
782 1125 830 1198 dis
850 1133 970 1198 caelum
984 1133 1016 1196 et
1038 1131 1139 1196 sidera
1159 1130 1367 1212 locupletans.

246 1234 306 1300 nisi
327 1234 475 1314 fallimur,
499 1235 560 1300 ista
581 1235 731 1301 dissensio
754 1234 832 1300 nihil
855 1233 1020 1300 scientium
1042 1253 1151 1300 uerum
1166 1235 1221 1314 est,
1245 1252 1308 1298 non
1325 1233 1366 1297 ab

245 1339 289 1402 rei
311 1338 442 1404 uerimte
464 1338 655 1407 descendens.
679 1357 752 1404 nam
774 1339 800 1402 si
822 1337 940 1420 liquido
962 1338 1092 1403 sciretur
1114 1336 1190 1420 qnid
1205 1335 1256 1419 sit,
1281 1337 1367 1401 esset

246 1439 401 1505 unanimis
429 1459 487 1505 nor
514 1441 654 1506 omnium
676 1443 708 1505 et
729 1441 762 1506 in
784 1441 922 1506 eiusdem
949 1440 1120 1506 sententiae
1148 1439 1242 1504 finem
1271 1457 1368 1514 cunc-

200 1541 353 1606 asarum
381 1543 522 1626 pergeret
549 1545 580 1609 et
609 1543 784 1609 conueniret
812 1543 961 1610 adsensio.
997 1560 1128 1625 quonam
1152 1543 1242 1606 modo
1265 1541 1369 1626 igitur
1377 1568 1397 1606 n

248 1645 408 1728 religionis
429 1646 556 1728 potestis
579 1646 731 1730 integrare
753 1647 818 1712 uim
840 1647 971 1727 plenam,
995 1664 1064 1711 cum
1087 1646 1168 1710 cinca
1183 1645 1265 1727 ipsos
1282 1665 1367 1711 erre·

136 1773 142 1788 =
247 1749 288 1814 tis
310 1750 391 1830 deos,
413 1751 467 1814 ant
480 1749 527 1814 ad
548 1749 738 1816 uenerabiles
760 1749 894 1815 inuitare
915 1768 970 1815 nos
993 1750 1104 1828 cultus,
1128 1766 1198 1812 cnm
1212 1747 1295 1814 nihil
1308 1767 1367 1813 nos

246 1851 323 1916 certi
343 1850 381 1915 de
402 1850 539 1934 ipsorum
561 1852 723 1918 numinum
746 1851 1011 1934 comprehensione
1033 1850 1190 1916 doceatis?
1218 1851 1256 1914 ut
1278 1851 1365 1916 enim

245 1953 282 2017 de
297 1954 407 2020 mediis
423 1955 656 2022 conticisoamns
671 1954 857 2034 auctoribus,
879 1956 934 2020 aut
948 1939 1004 2018 ilie
1017 1953 1137 2037 primus
1152 1953 1253 2018 eradit
1267 1955 1365 2036 atqua

244 2057 391 2122 interficit
406 2077 457 2125 ser
471 2059 558 2123 diuas
575 2056 713 2145 [Musas],
730 2058 837 2123 siesse
858 2057 930 2122 illas
948 2058 1069 2123 constat
1083 2075 1203 2135 nouem,
1228 2057 1285 2122 aut
1301 2056 1365 2124 ists

244 2160 374 2228 ultimus
396 2165 427 2228 st
449 2164 601 2226 extremus
624 2181 676 2227 sen
690 2161 827 2244 adponit,
851 2179 929 2242 quae
950 2161 1054 2226 nullae
1075 2161 1148 2224 sunt
1170 2159 1270 2225 tribus
1286 2159 1393 2224 senso

244 2263 276 2328 in
299 2265 429 2331 ueritate
450 2265 670 2343 constantibus,
693 2266 729 2328 ut
743 2282 839 2346 neque
854 2263 925 2328 sciri
940 2263 1039 2345 possit
1059 2264 1114 2328 aut
1129 2261 1361 2345 comprehendi,

244 2385 392 2449 quaenam
413 2366 543 2434 debeant
565 2367 646 2444 addi,
669 2385 747 2449 qnae
769 2365 864 2447 demi,
887 2367 919 2431 et
940 2367 972 2430 in
994 2365 1166 2449 periculum
1189 2364 1364 2430 deducatur

243 2472 399 2556 religionis
420 2471 516 2553 ipsius
540 2470 701 2551 susceptio,
725 2471 779 2535 aut
800 2470 832 2534 id
855 2470 936 2552 quod
950 2487 1010 2534 non
1025 2468 1072 2535 est
1088 2470 1189 2534 colens
1205 2468 1261 2532 aut
1276 2468 1360 2550 quod

244 2575 285 2640 sit
307 2574 435 2641 fortasse
456 2571 653 2655 praeteriens.
676 2572 858 2636 Nouensiles
873 2571 945 2636 Piso
969 2572 1039 2636 deos
1055 2589 1120 2636 esse
1136 2571 1232 2636 credit
1247 2589 1362 2636 nouem

243 2675 276 2741 in
291 2676 411 2743 Sabinis
433 2675 514 2759 apud
528 2675 673 2740 Trebiam
689 2673 881 2740 constitutos.
913 2675 969 2739 hos
985 2673 1118 2740 Granius
1139 2674 1245 2740 Musas
1267 2674 1394 2758 putato

243 2798 422 2847 consensum
449 2779 686 2856 adcommodans
707 2777 811 2857 Aelio,
841 2778 1041 2843 nouenarium
1071 2795 1234 2842 numerum
1262 2777 1363 2842 tradit

243 2883 349 2961 Varro,
373 2883 452 2964 quod
474 2881 506 2946 in
529 2880 689 2960 mouendis
712 2880 804 2946 rebus
825 2881 1059 2963 potentissimus
1074 2899 1195 2962 semper
1209 2879 1362 2944 habeatur

242 2987 274 3052 et
291 2983 461 3066 'maximus
484 2984 658 3049 nouitatum
681 2981 860 3049 Oomificins
881 2982 1052 3064 praesides,
1076 2983 1157 3064 quod
1179 2982 1361 3048 curantibus

243 3089 292 3153 his
314 3089 417 3154 omnia
438 3088 575 3153 nouitate
596 3087 788 3170 integrentur
809 3090 841 3150 et
864 3086 1013 3167 constant,
1036 3086 1108 3150 deos
1130 3103 1241 3151 nouem
1256 3085 1360 3152 Mani-

242 3191 303 3256 lius
324 3193 441 3274 quibus
471 3191 544 3256 solis
566 3191 707 3275 Iuppiter
734 3191 918 3272 potestatem
946 3190 1078 3254 iaciendi
1106 3189 1154 3254 sni
1181 3189 1392 3272 permiseras

241 3295 391 3361 fulminis.
425 3294 547 3360 Oincius
569 3295 695 3360 numina
716 3293 876 3378 peregrina
896 3295 1035 3360 nouitate
1058 3313 1093 3358 ex
1114 3293 1181 3375 ipsa
1203 3292 1361 3376 appellata

171 3399 433 3481 anspronuntiat3
461 3417 533 3464 nam
560 3398 655 3464 solere
677 3400 829 3464 Romanos
861 3397 1026 3483 religiones
1052 3396 1057 3484 Ι
1082 3396 1210 3462 urbium
1232 3414 1359 3478 supera-

239 3503 344 3568 tarum
366 3503 480 3585 partim
506 3502 653 3586 priuatim
675 3522 728 3585 per
750 3501 884 3568 familias
906 3520 1063 3586 spargere,
1092 3501 1207 3585 partim
1228 3499 1354 3583 publice

342 3640 359 3693 5
376 3639 472 3709 theog.¹
486 3639 518 3693 75
535 3655 591 3708 sqq.
629 3705 631 3708 ι

272 3779 289 3832 3
306 3778 393 3833 eforus
410 3779 438 3831 P
454 3777 540 3831 Iiorus
558 3775 614 3832 Sub
633 3777 674 3846 (io
691 3789 736 3830 err
753 3776 885 3845 Ephorus)
987 3775 1005 3830 4
1022 3774 1171 3844 murtydus
1184 3774 1212 3827 P
1228 3773 1357 3843 Murtylis

239 3866 293 3920 Sol>
310 3866 353 3934 (io
370 3880 415 3918 err
432 3864 569 3932 Myrtilus)
673 3864 690 3917 6
707 3863 759 3916 diis
779 3879 795 3916 c
894 3862 997 3916 8-esset
1014 3860 1150 3915 unanimis
1166 3859 1281 3928 scripsi:
1301 3873 1356 3912 una

238 3952 276 4004 eis
294 3951 322 4004 P
343 3949 478 4005 unanimis
496 3949 550 4004 aaa
574 3965 626 4002 una
644 3952 714 4002 esset
732 3948 809 4002 Salon
911 3946 945 4000 14
962 3946 1163 4000 condemnamur
1181 3945 1208 3998 P
1228 3944 1356 3998 contices-

238 4053 327 4090 camus
344 4043 367 4091 c'
492 4037 525 4091 15
542 4052 586 4090 sex
604 4036 674 4090 Sabe
698 4035 743 4088 sed
761 4034 788 4087 P
911 4033 1001 4086 Musas
1018 4033 1125 4087 seclusit
1142 4031 1287 4085 Maarsares

148 4157 150 4169 ·
240 4125 287 4176 aut
305 4123 413 4191 (amus)
426 4124 454 4177 P
469 4126 501 4177 nt
513 4122 568 4178 Sub
670 4119 705 4173 20
721 4120 753 4173 in
767 4136 811 4188 mp
950 4117 1038 4172 credat
1056 4118 1182 4172 Pcorrc
1280 4115 1355 4170 acin

239 4208 385 4278 mouendis]
404 4207 432 4262 in
451 4207 579 4262 nouandis
602 4207 655 4262 Urs
735 4249 740 4258 ,
791 4205 826 4258 24
844 4203 976 4282 praesidas
995 4204 1063 4258 Sub:
1090 4202 1242 4272 praesidens
1260 4203 1288 4256 P

239 4293 271 4347 27
290 4294 438 4363 appaellata
456 4295 484 4348 P
617 4293 651 4346 28
674 4291 814 4360 religiones
837 4291 964 4346 Medius:
989 4289 1110 4358 regiones
1128 4290 1155 4345 P
1181 4289 1242 4343 daos
1264 4303 1355 4342 omncs

240 4380 293 4434 cao
393 4380 427 4433 29
444 4378 556 4447 partiam
573 4378 601 4431 P
1174 4421 1175 4424 ,
