2950 5006
359 1321 364 1332 Ι
414 1146 879 1261 annonario
988 1138 990 1144 *
1053 1216 1057 1230 -
1121 1092 1123 1098 ’
1210 1159 1213 1166 ·

184 1360 324 1456 Amobii
333 1389 489 1458 aduersus
504 1388 643 1454 nationes
658 1390 739 1469 libri,
756 1407 831 1472 quoe
845 1388 1055 1472 Hieronymus
1070 1386 1104 1453 iu
1117 1387 1197 1454 libro
1317 1397 1320 1405 '

78 1499 218 1564 uirorum
239 1500 423 1567 inlustrium
445 1519 471 1565 c,
495 1501 535 1566 79
557 1520 613 1567 sua
636 1501 739 1566 aetate
761 1500 856 1582 uulgo
877 1503 982 1565 extare
997 1500 1084 1578 dicit,
1107 1499 1198 1566 hodio

77 1602 113 1665 in
140 1620 200 1667 uno
230 1604 359 1685 antiquo
391 1603 496 1669 codice
524 1604 687 1687 leguntur,
717 1605 769 1686 qui
799 1605 834 1670 in
855 1603 1041 1670 bibliotheca
1062 1603 1199 1669 maxima

78 1703 249 1772 Parisieusi
271 1707 453 1771 adseruatur
475 1724 604 1771 numero
626 1709 767 1790 signatus
792 1706 884 1772 1661.
908 1707 1010 1772 eidem
1031 1706 1091 1772 soli
1107 1707 1199 1772 debe-

77 1827 148 1872 mus
170 1809 304 1874 Minucii
325 1809 440 1900 Felicis
464 1808 643 1889 Octauium,
674 1811 726 1892 qui
754 1813 872 1893 septem
893 1808 1027 1874 Arnobii
1048 1807 1140 1874 libris
1160 1813 1198 1874 ut

78 1911 207 1977 octauus
229 1911 310 1978 liber
331 1911 455 1979 additus
479 1915 535 1978 est.
560 1912 645 1978 serto
668 1913 787 1978 decimo
815 1913 938 1978 saeculo
961 1913 1055 1978 codex
1076 1911 1194 1981 Romae

77 2013 155 2093 fuit,
190 2013 246 2080 ubi
272 2015 406 2081 Faustus
433 2013 570 2082 Sabaeus
597 2015 762 2082 Brixianus
788 2015 998 2083 bibliothecae
1024 2014 1197 2080 Vaticauae

78 2118 183 2182 custos
206 2132 287 2182 anno
311 2117 395 2184 1543
418 2137 453 2183 er
475 2136 510 2183 ιο
532 2118 651 2203 primus
667 2117 842 2184 Arnobium
864 2118 971 2183 edidit.
994 2135 1094 2200 neque
1117 2119 1200 2184 enim

77 2220 176 2285 alium
203 2219 320 2286 librum
349 2219 503 2292 Sabaeum
530 2221 722 2301 adhibuisse,
745 2224 781 2286 ut
802 2209 946 2288 nonnulli
973 2221 1094 2304 opinati
1115 2223 1199 2296 sunt,

77 2322 171 2388 facile
185 2323 358 2407 intelleget,
381 2325 433 2406 qui
450 2322 618 2390 editionem
633 2343 704 2390 cum
720 2325 823 2389 codice
839 2322 1071 2406 conparauerit:
1094 2325 1200 2388 tamen

78 2429 115 2490 ut
138 2426 238 2491 cuiuis
261 2445 315 2492 suo
338 2427 453 2492 iudicio
468 2426 516 2491 uti
530 2427 638 2492 liceret
654 2445 760 2492 omnes
775 2425 884 2493 Sabaei
897 2426 1048 2492 lectiones
1064 2426 1097 2490 in
1112 2443 1198 2490 corn·

77 2531 231 2595 meutario
254 2530 361 2595 critico
377 2529 544 2615 diiigenter
559 2531 707 2624 adnotari
718 2534 842 2614 praeter
856 2529 1095 2613 orthographica
1109 2546 1198 2594 men·

78 2633 194 2715 dasque
211 2632 458 2717 ¹typothetarum
486 2633 770 2699 manifestissimas.
799 2633 973 2717 possedisse
1000 2650 1074 2696 uero
1096 2631 1199 2714 ipsum

78 2735 234 2801 Sabaeum
256 2737 393 2801 codicem
414 2755 472 2808 nec
486 2735 583 2820 fuisse
598 2755 670 2802 eum
685 2737 719 2802 'm
733 2735 925 2802 bibliotheca
939 2735 1096 2801 Vaticana
1109 2735 1196 2800 illius

79 2838 184 2904 uerbis
206 2839 239 2903 in
262 2838 453 2921 praefatione
476 2839 623 2904 doeemur
644 2833 722 2904 ‘iure
751 2841 835 2904 enirn
860 2839 936 2906 belli
958 2857 1046 2903 meus
1068 2839 1115 2904 est
1134 2821 1199 2902 hr-

77 2942 206 3021 nobius,
236 2960 328 3025 quem
355 2941 497 3007 emedio
518 2941 659 3008 barbarie
683 2932 834 3006 non'sine
855 2941 1015 3024 dispendio
1038 2941 1070 3006 et
1091 2938 1201 3007 oseri-

78 3042 166 3109 mine
197 3033 385 3129 eripuerim’.
409 3063 488 3126 quae
515 3046 542 3110 si
574 3048 658 3111 recte
687 3045 885 3126 interpretor,
907 3044 1084 3110 Arnobium
1108 3061 1200 3108 suum

76 3149 111 3212 in
147 3146 339 3213 bibliotheca
366 3147 533 3214 Helvetiae
565 3149 620 3214 aut
646 3149 833 3216 Germaniae
867 3150 1061 3231 reppererat:
1088 3163 1200 3228 nempe

77 3253 250 3316 cauendum
272 3253 328 3330 est,
350 3268 390 3314 ne
413 3249 564 3315 Sabaeum
586 3249 768 3331 metaphora
789 3249 952 3316 audaciore
966 3268 1057 3315 usum
1071 3266 1200 3333 magnos

77 3352 264 3418 emendandi
285 3351 408 3418 labores
431 3351 607 3434 siguificare
621 3354 775 3436 putemne,
799 3371 869 3417 cum
885 3353 951 3435 ipse
965 3352 1046 3418 nihil
1062 3356 1100 3419 ad
1116 3351 1200 3417 dior·

77 3455 184 3521 thesin
205 3454 335 3522 hruobii
357 3455 523 3522 contulisse
546 3455 708 3536 uideatur,
738 3457 791 3521 sed
818 3457 851 3520 in
874 3457 983 3520 eadem
1005 3441 1198 3540 praefatione

76 3560 304 3642 Hieronymum
330 3559 508 3624 Ferrarium
539 3561 570 3624 et
597 3559 802 3626 Marciacum
827 3559 1093 3637 Priscianensem,
1123 3574 1199 3639 quos

68 3663 164 3727 'uiros
181 3663 374 3728 doctissimos
391 3665 423 3727 ιι
438 3661 556 3747 ingenii
571 3666 602 3727 ιι
616 3661 726 3727 iudicii
739 3661 998 3745 perspicacissimi
1019 3660 1104 3752 dicit,
1127 3662 1200 3743 post

75 3765 156 3830 alios
185 3766 300 3830 amicos
328 3765 363 3830 in
390 3783 425 3830 ιο
454 3782 543 3847 opere
569 3763 720 3830 tardiores
748 3765 933 3831 emendandi
955 3767 987 3829 et
1008 3763 1196 3845 inprimendi

77 3866 252 3934 Arnobium
274 3867 469 3950 prouinciam
492 3869 663 3951 suscepisse
686 3869 830 3932 testetur.
853 3865 954 3932 Roma
969 3867 1108 3931 codexiu
1123 3865 1200 3933 oel-

76 3971 154 4038 liam
181 3973 352 4038 translatus
382 3969 440 4050 est,
469 3990 531 4036 una
559 3989 630 4036 cnm
653 3971 792 4037 hmobio
820 3971 904 4053 typis
928 3987 1083 4054 expresso,
1097 3987 1200 4051 ,quern

78 4073 217 4164 Sabaeue
238 4073 405 4140 Francisco
421 4073 522 4158 primo
537 4074 703 4158 dedicauit,
727 4073 827 4140 eidem
841 4073 917 4156 regi,
932 4075 969 4138 ut
978 4071 1200 4137 coniciendum

78 4196 143 4243 esse
165 4177 301 4256 uidetur,
324 4179 519 4244 denodatus.
543 4176 655 4242 saltem
676 4176 806 4242 Hemici
828 4177 956 4242 secundi
978 4177 1079 4240 aetate
1098 4177 1131 4240 in
1152 4175 1200 4241 bi·
1326 4253 1330 4276 Ι

78 4279 240 4346 bliotheca
266 4279 353 4363 regia
379 4279 455 4360 fuit,
484 4283 521 4345 ut
549 4281 732 4362 tegumenta
754 4280 819 4344 eius
843 4281 1022 4344 etiamnunc
1043 4279 1198 4344 indicantz
1236 4332 1238 4337 ,

73 4373 185 4448 'rursus
209 4401 290 4449 anno
314 4383 407 4462 1583,
431 4401 490 4466 quo
511 4381 616 4447 Fuluii
637 4380 743 4447 Vrsini
765 4381 858 4447 editio
880 4381 998 4448 Romae
1021 4381 1145 4465 prodiit,
1167 4381 1201 4445 in

77 4485 137 4550 hac
166 4485 242 4552 urbe
272 4484 409 4551 codicem
437 4484 567 4552 Arnobii
596 4481 692 4550 fuisse
721 4485 858 4563 nullum,
887 4503 965 4566 quae
993 4487 1031 4551 de
1052 4484 1201 4551 subsidiis
