2916 5010
574 404 672 460 Liber
693 405 729 460 H.
947 445 949 449 .
1143 408 1203 474 105

96 594 223 640 neruum
244 575 358 641 licebit.
393 577 420 640 si
442 577 524 642 enim
545 577 639 657 Iouis,
662 579 697 642 ut
719 578 915 657 adseuerate,
939 597 974 641 ex
996 578 1116 643 cerebro
1139 578 1203 644 sine

97 678 191 742 ullius
214 677 339 744 seminis
363 679 491 744 emicuit
520 680 617 760 iactu,
648 682 812 762 antequam
834 683 880 746 est
897 681 1059 762 Diespiter
1081 681 1203 766 genitus

97 783 183 847 etin
205 784 290 846 utero
315 781 321 865 Ι
347 783 455 848 matris
478 801 634 866 corporeae
657 783 786 848 formam
808 783 1098 866 circumscriptionis
1121 801 1204 848 acce-
1213 791 1231 842 f.
1241 789 1287 842 61b

96 885 154 967 pit,
175 885 294 950 certum
316 886 363 950 est
384 885 491 967 utique
512 886 687 950 Mineruam
709 905 776 968 non
803 886 896 951 fuisse
923 905 1019 968 neque
1049 906 1151 951 rerum
1172 887 1204 951 in

74 1006 224 1052 enumero
246 989 300 1053 aut
328 988 393 1053 ulla
415 1008 480 1054 esse
501 991 533 1054 in
560 989 732 1054 substantia
760 991 984 1074 computatam,
1013 990 1066 1054 sed
1089 1009 1124 1052 ex
1146 1006 1204 1070 quo

97 1091 198 1172 capito
219 1091 302 1156 Iouis
324 1094 414 1157 enata
437 1092 492 1169 est,
516 1095 547 1156 et
569 1111 634 1157 csse
656 1111 705 1157 res
728 1092 827 1174 coepit
850 1095 881 1157 et
896 1091 1043 1157 nonnulla
1057 1092 1088 1156 in
1104 1110 1204 1178 ossen-

96 1193 142 1258 tia
157 1195 332 1260 constituta.
349 1213 410 1260 non
423 1195 517 1260 babet
528 1213 597 1280 ergo
609 1195 806 1279 primigenios
821 1197 917 1274 ortus,
934 1198 965 1259 ot
976 1215 994 1260 a
1005 1197 1086 1288 certo
1101 1194 1206 1276 coepta

97 1297 145 1361 est
166 1282 308 1379 tempore
332 1298 387 1363 usa
415 1299 491 1380 orer,
525 1299 620 1364 sacris
649 1299 682 1362 n
708 1299 833 1364 aeribus
863 1298 957 1362 statu
980 1300 1011 1362 a
1032 1297 1207 1362 nonoretur

97 1399 246 1484 religiono
275 1400 395 1466 sanciri.
430 1401 511 1482 quod
539 1416 608 1465 cum
635 1401 683 1465 ita
704 1419 736 1464 se
758 1400 884 1478 habeat,
914 1418 982 1464 cum
1000 1401 1049 1464 ‘de
1070 1399 1206 1464 nouitate
1303 1460 1307 1468 ,

61 1529 88 1568 ιο
97 1503 262 1585 loquimini
283 1503 467 1587 religionum
488 1506 673 1586 nostrarum,
697 1507 817 1568 uestras
838 1503 925 1568 nobis
947 1503 980 1567 in
996 1502 1130 1567 mentem
1146 1519 1207 1565 non

99 1606 242 1683 ueniunt,
275 1624 331 1670 nec
354 1607 468 1672 curatis
494 1607 658 1689 inspicere,
692 1606 810 1688 quando
832 1605 896 1670 sint
917 1606 1013 1670 exorti
1036 1604 1206 1682 rurestri,

99 1727 173 1790 quas
196 1709 327 1792 origines
349 1708 491 1782 habeant,
515 1728 589 1790 quas
612 1727 727 1788 causas,
751 1708 802 1773 uel
824 1728 859 1772 ex
881 1709 992 1791 quibus
1014 1696 1208 1791 proruperint

99 1811 338 1893 emicuerintque
360 1812 535 1878 radicibus?
568 1812 655 1877 cuins
677 1814 724 1877 est
746 1813 850 1876 autem
871 1811 1012 1894 pudoris,
1036 1795 1206 1893 quinimmo

99 1915 332 1979 inuerecundiae
355 1916 457 1993 cuiue,
484 1916 563 1998 quod
586 1935 675 1998 agere
696 1916 727 1980 te
750 1915 870 1994 uideas,
895 1915 928 1980 in
951 1934 984 1980 eo
998 1913 1136 1986 ¹alterum
1160 1930 1208 1976 re·

61 2017 299 2100 reprehendere,
334 2019 493 2083 maledicti
521 2021 553 2084 et
587 2019 728 2104 criminis,
754 2019 820 2084 loco
852 2019 924 2084 (lare
952 2036 989 2082 ea
1020 2036 1096 2098 quae
1122 2016 1209 2080 inte

99 2121 219 2203 possint
240 2121 425 2204 reciprocata
446 2121 660 2186 uicissitudine
684 2122 876 2203 retorqueri?
909 2120 961 2186 sed
984 2122 1064 2202 quod
1086 2117 1254 2201 agimusll

101 2240 167 2302 noe,
189 2242 305 2287 nouum
319 2224 374 2302 est,
399 2224 478 2306 quod
493 2225 599 2289 autem
613 2242 676 2306 nos,
696 2225 833 2306 priscum
856 2228 901 2288 est
924 2224 956 2288 et
970 2223 1084 2287 nimiae
1104 2223 1209 2286 uetus-

99 2326 193 2390 tatis:
216 2327 246 2389 et
268 2325 342 2408 quid
363 2326 449 2390 istud
471 2327 526 2390 aut
546 2346 601 2392 uos
623 2327 710 2392 iuuat
737 2329 790 2392 aut
811 2329 948 2392 nostram
970 2343 1094 2390 oausam
1115 2323 1209 2390 ratio-

101 2446 232 2511 nemque
254 2430 436 2494 oontristat?
458 2449 537 2495 noua
559 2449 605 2495 res
628 2432 673 2494 est
696 2450 788 2512 quam
810 2431 954 2515 gerimus,
978 2427 1157 2511 quandoque
1180 2429 1211 2492 et
1264 2487 1266 2490 ,

63 2531 169 2612 reipsa
190 2532 279 2596 uetus
301 2531 367 2596 fiet:
390 2535 480 2598 uetus
503 2551 595 2614 quam
617 2551 671 2597 uos
693 2533 794 2617 agitis,
818 2534 870 2598 sed
890 2531 1078 2614 temporibus
1100 2530 1211 2612 quibus

101 2635 203 2717 coepit
224 2652 304 2698 noua
325 2635 385 2700 fuit
407 2655 442 2701 ao
463 2637 628 2718 repentina.
658 2636 816 2720 religionis
838 2637 941 2718 autern
963 2633 1129 2700 auotoritas
1150 2652 1211 2698 non

63 2789 68 2804 .
102 2736 150 2799 est
173 2735 308 2816 tempore
336 2735 527 2800 aestimanda
554 2735 606 2800 sed
635 2737 776 2812 numine,
809 2754 864 2800 nec
886 2735 982 2800 colere
1004 2755 1064 2818 qua
1087 2734 1136 2800 dio
1157 2735 1212 2800 sed

14 2891 20 2904 .
102 2835 177 2918 quid
206 2837 338 2919 coeperis
368 2838 509 2902 conuenit
537 2837 660 2910 intueri.
693 2839 764 2903 ante
792 2840 942 2904 trecentos
970 2856 1064 2902 annos
1094 2838 1212 2922 religio,

102 2940 218 3022 inquit,
246 2943 349 3006 uestra
370 2958 429 3005 non
451 2940 521 3004 luit.
556 2941 587 3004 et
608 2940 651 3004 clii
681 2941 782 3005 uestri
805 2942 1010 3006 nonfnerunt
1032 2943 1102 3006 ante
1124 2941 1213 3006 milia

63 3063 92 3104 ae
103 3061 252 3107 annorum
274 3044 342 3107 duo.
373 3043 484 3125 quibus
499 3043 582 3108 istud
597 3044 766 3108 rationibus
782 3045 888 3129 colligi
903 3049 956 3110 aut
971 3044 1082 3126 quibus
1097 3063 1212 3126 suppu-

103 3145 273 3210 tationibus
287 3147 412 3227 potest?
434 3163 495 3210 non
510 3145 696 3226 difficilibus,
714 3166 774 3212 non
789 3147 934 3225 obscuris,
958 3147 1011 3212 sed
1027 3165 1101 3229 quas
1116 3147 1213 3228 possit

105 3248 209 3313 uidere
224 3248 277 3331 qui
292 3249 375 3312 uolet
390 3249 422 3312 et
437 3249 634 3332 contrectare,
652 3249 907 3331 quemadmodum
921 3249 1044 3327 dicitur,
1060 3249 1210 3315 manibus.

109 3348 114 3436 Ι
140 3351 208 3433 quis
230 3351 335 3416 Iouem
357 3370 427 3416 oum
449 3351 597 3416 fratribus
620 3353 749 3435 genuit?
778 3352 948 3437 genialibus
974 3350 1032 3434 Opi
1054 3352 1213 3417 adiunctus
1222 3361 1240 3413 f.
1248 3363 1328 3415 orbis

106 3452 270 3530 Saturnus,
294 3455 330 3518 ut
352 3473 406 3519 uos
428 3452 531 3532 fertis
563 3452 653 3519 Ocelo
677 3457 769 3536 atque
790 3455 907 3520 Hecate
928 3454 1113 3536 procreatus.
1145 3454 1213 3536 quis

141 3727 274 3780 loelebro
292 3727 320 3780 P
333 3743 394 3782 corr
495 3724 657 3795 2diespeter
674 3726 701 3778 P
801 3725 939 3793 3corpore
959 3723 1013 3778 Sub
1114 3723 1215 3776 tutel-

104 3827 157 3882 qne
173 3812 202 3865 P
274 3812 444 3886 ‚buumoro
459 3812 530 3866 Sub:
548 3827 668 3864 numeros
685 3813 711 3862 P
813 3826 864 3880 quo
882 3809 1025 3864 oddSclm
1126 3808 1215 3862 booe-

105 3897 149 3969 pit
166 3899 194 3951 et
210 3898 322 3968 scripsi:
340 3898 465 3968 coepitP
564 3913 617 3952 non
635 3898 691 3951 ulla
707 3898 752 3964 uel
769 3897 844 3952 nulla
860 3896 912 3951 Ure
1013 3894 1126 3950 essentia
1144 3893 1216 3948 Sub.-

106 3983 230 4038 essetiam
247 3985 275 4038 P
381 3984 467 4038 lnon
483 3983 581 4037 addiob
633 4011 638 4018 ·
686 3982 769 4037 8dea
787 3982 857 4037 Scb:
874 3998 923 4038 nea
940 3983 967 4035 P
1067 3979 1216 4034 inuiolauili

107 4071 207 4126 Pcorr
292 4070 324 4124 11
341 4069 426 4124 exorti
440 4068 508 4123 Sab:
526 4067 657 4122 exoritiP
770 4069 803 4122 18
819 4066 1008 4120 iubatPcorr
1119 4064 1153 4118 23
1170 4065 1216 4132 qui

107 4157 163 4212 sao
275 4157 405 4210 trecentos
428 4154 493 4210 Urs:
519 4153 727 4222 quadringentos
746 4154 774 4207 P
884 4151 918 4206 24
934 4151 1029 4219 inquid
1046 4152 1073 4204 P
1089 4165 1149 4204 corr

106 4243 140 4296 27
158 4241 231 4295 bolet
248 4243 275 4295 P
292 4256 353 4295 corr
463 4238 675 4307 negociantur
693 4239 746 4292 Sub
854 4237 903 4307 Opi
920 4237 1029 4306 scripsi:
1053 4235 1109 4305 opis
1126 4236 1154 4289 P

106 4327 241 4382 adiunctis
259 4327 280 4394 (i
297 4342 330 4380 ecc
344 4329 372 4393 u)
391 4326 419 4379 P
518 4324 551 4377 29
569 4327 597 4376 et
614 4324 642 4377 P
655 4340 747 4378 corre

455 4427 467 4498 q
566 4427 666 4453 ,Μ
