2916 5010
253 481 315 547 142
555 475 699 531 Arnobii
722 477 882 530 aduersus
908 477 1063 532 ustiones

515 1403 737 1516 LIBllR
779 1401 1111 1522 QVARTVS

229 1646 241 1706 l
304 1611 497 1728 Interrogare
518 1662 573 1710 uos
595 1645 671 1711 libet
693 1645 834 1728 ipsosque
849 1647 921 1710 ante
936 1645 1039 1710 omnis
1053 1646 1217 1722 Romanos,
1235 1643 1378 1708 dominos

254 1766 357 1812 rernm
379 1766 415 1812 ao
436 1746 598 1830 principes,
621 1749 765 1812 utrumne
792 1747 974 1812 existimetis
1001 1747 1155 1812 Pietatem
1173 1745 1378 1810 Concordiam

255 1847 394 1916 Salartem
421 1852 574 1916 Honorem
605 1849 761 1915 Virtutem
790 1850 986 1916 Felicitatem
1012 1853 1172 1930 ceteraque
1196 1848 1378 1912 huiusmodi

253 1952 380 2018 nomina
406 1952 518 2036 quibus
547 1973 615 2018 aras
642 1952 785 2018 uidemus
807 1972 826 2018 a
846 1952 934 2017 uobis
956 1971 1028 2018 oum
1057 1949 1230 2035 magnificis
1252 1950 1376 2016 eruedi-
1398 1970 1408 2004 a

255 2056 360 2122 ficatas
389 2056 524 2122 delubris
554 2057 618 2120 uim
647 2055 759 2120 habere
786 2054 925 2119 diuinam
960 2053 1095 2137 caelique
1125 2053 1157 2119 in
1191 2052 1378 2136 regionibus

142 2205 144 2210 -
253 2159 362 2242 degere
390 2178 429 2224 au
451 2159 554 2224 itaut
576 2158 694 2224 adsolet
716 2158 793 2224 dicis
823 2175 932 2234 causa,
957 2175 993 2221 ex
1014 2175 1050 2221 eo
1072 2155 1153 2238 quod
1175 2157 1321 2239 optemus
1347 2159 1378 2220 el

255 2261 397 2328 uolumus
420 2261 497 2327 bona
518 2261 579 2326 isla
601 2261 688 2326 nobis
717 2260 912 2344 contingere,
942 2277 1121 2343 superorum
1149 2257 1320 2324 retuleritis
1345 2259 1379 2323 in

170 2368 401 2434 usercensum?
433 2384 506 2430 nam
534 2364 561 2430 si
591 2365 685 2429 uerba
711 2362 715 2448 Ι
742 2364 955 2428 existimantes
984 2363 1060 2427 haee
1089 2379 1174 2427 casse
1201 2364 1232 2427 et
1254 2361 1377 2426 nullius

256 2467 445 2533 substantiae
472 2467 596 2532 nomina
619 2466 733 2532 diuinis
755 2470 859 2532 tamen
881 2466 1057 2550 regionibus
1086 2463 1287 2542 consecratio,
1317 2464 1379 2528 erit
1388 2487 1409 2524 u
1446 2517 1447 2530 2

255 2571 342 2636 uobis
364 2571 540 2649 uidendum,
564 2571 708 2634 utrumne
729 2570 815 2634 istud
837 2569 955 2653 puerile
983 2570 1026 2634 sit
1051 2568 1206 2635 ludicrum
1236 2587 1276 2632 an
1304 2587 1379 2632 ues-

254 2674 372 2739 tromm
400 2673 563 2740 numinum
585 2672 773 2736 delusionem
803 2673 958 2755 spectans,
994 2672 1105 2754 quibus
1136 2672 1314 2754 coaequatis
1347 2673 1379 2736 et

255 2776 422 2860 adiungitis
451 2775 590 2841 inanium
619 2774 766 2858 figmenta
794 2775 980 2841 uerborum?
1010 2775 1059 2840 sin
1089 2777 1194 2840 eutem
1218 2775 1378 2839 exanimi

256 2878 383 2943 certiore
405 2878 558 2943 sententia
580 2878 651 2942 deos
674 2895 738 2942 esse
759 2866 880 2942 ethaeo
894 2878 954 2943 rati
970 2877 1097 2961 templis
1113 2880 1144 2942 et
1159 2877 1378 2959 puluinaribus

256 2981 442 3059 honorastis,
477 2981 632 3046 inscitiam
665 2982 803 3045 nostram
832 2983 868 3047 ut
898 2980 1033 3046 doceatis
1063 2998 1201 3047 oramus:
1233 2981 1379 3046 Victoris
1388 3007 1408 3043 15

256 3083 319 3148 Par
339 3084 489 3165 Aequitas
511 3086 542 3148 et
569 3085 669 3150 cetera
696 3103 773 3165 quae
794 3085 827 3148 in
849 3083 1057 3166 superioribus
1088 3083 1170 3148 diota
1196 3089 1269 3149 sunt
1298 3103 1376 3166 qua-

256 3205 328 3252 nam
349 3187 480 3264 ratione,
509 3205 567 3268 qua
589 3186 643 3252 uie
665 3186 806 3270 intellegi
835 3187 963 3269 possunt
985 3186 1030 3251 dii
1053 3205 1120 3252 esse
1142 3187 1234 3268 atque
1256 3187 1297 3251 ed
1320 3206 1376 3250 su-

228 3297 398 3372 iperorum
420 3289 583 3355 concilium
604 3291 776 3372 pertinere?
805 3307 859 3354 nos
882 3289 973 3368 enim,
996 3290 1056 3354 nisi
1078 3290 1156 3355 forte
1180 3306 1377 3354 communem

258 3393 371 3460 tollitis
393 3393 479 3458 nobis
501 3399 593 3476 atque
623 3393 743 3476 eripitis
766 3412 905 3472 sensum,
935 3394 1015 3459 nihil
1037 3395 1147 3459 horum
1170 3393 1321 3459 sentimus
1345 3394 1377 3458 et

258 3498 410 3562 cernimus
439 3496 549 3561 habere
578 3497 643 3561 uim
673 3495 807 3560 numinis
836 3498 992 3579 usquein
1023 3496 1126 3578 eliqua
1154 3497 1303 3561 contineri
1326 3497 1406 3559 suia

258 3601 376 3685 generis
398 3600 506 3678 forma,
530 3599 583 3664 sed
605 3617 670 3664 esse
692 3599 842 3664 uirtutem
866 3599 936 3678 uiri,
960 3599 1094 3665 salutem
1108 3599 1206 3691 salui,
1230 3600 1375 3664 honorem

258 3704 414 3781 honorati,
453 3702 578 3767 uictoris
599 3702 775 3781 uictoriam,
805 3701 961 3767 concordis
991 3701 1194 3781 concordiam,
1226 3702 1375 3784 pietatem

292 3992 309 4045 2
326 3991 435 4059 ipsoque
453 3990 481 4043 P
496 4005 588 4045 corre
690 3991 707 4045 3
725 3993 850 4044 utrumne
863 3991 933 4046 Sub:
951 4007 1077 4045 uerumne
1089 3992 1117 4044 P
1218 3993 1235 4046 5
1253 3991 1374 4045 exaedifi-

258 4077 317 4130 cato
334 4075 362 4128 P
375 4091 436 4130 corr
454 4079 478 4130 o‘
593 4076 943 4152 insimularetur
961 4076 1022 4142 dici,
1039 4093 1118 4131 cause
1135 4093 1165 4130 ex
1182 4093 1213 4131 ee
1231 4078 1309 4131 Saloe
1445 4119 1446 4122 η

258 4162 366 4214 9eassa
384 4162 542 4216 Sabroensa
559 4163 586 4216 P
659 4161 693 4216 10
704 4164 794 4215 tamen
811 4162 1170 4217 UrsstuminPtamenin
1184 4164 1239 4217 Sub
1315 4163 1375 4216 reli-

258 4246 382 4315 gionibus
399 4247 451 4302 Urs
547 4246 719 4302 consecrastis
737 4247 788 4302 Urs
885 4250 917 4305 11
929 4252 1053 4302 utrumne
1065 4250 1134 4303 Salo:
1150 4249 1311 4302 uirumneP
1445 4315 1446 4320 ἵ

259 4330 293 4384 12
303 4332 441 4387 numinum
451 4333 539 4388 Sdm:
551 4334 584 4386 de
595 4332 732 4386 numinum
742 4333 811 4388 Pad
822 4335 960 4389 numinum
972 4335 1062 4401 8qu
1137 4334 1299 4390 delusionem
1313 4335 1374 4400 Sal),

259 4435 288 4471 r:
306 4418 439 4473 delusione
451 4420 478 4472 P
503 4476 505 4480 ,
578 4419 772 4474 13le1Peorr
784 4425 807 4475 ε’
908 4422 942 4475 15
959 4421 1110 4476 honorastis
1123 4422 1194 4477 Sub:
1211 4422 1340 4476 onerastis
1350 4422 1377 4474 P
