2888 5008
578 460 678 516 liber
702 461 731 514 v.
1141 465 1208 530 ,207
1294 448 1298 459 '

98 636 197 718 possit
225 635 468 718 simpliciterque
497 636 664 717 dictorum,
695 638 761 702 tam
786 636 887 720 potest
909 635 989 718 quod
1011 635 1141 718 simplex
1163 634 1211 700 est

96 737 321 806 ambiformiter
343 739 461 804 dictum
484 739 654 804 existimari
680 758 773 822 quam
796 738 875 821 quod
896 738 1040 821 ambigue
1061 739 1211 822 scriptum

96 841 146 906 est
167 840 293 906 reclusis
315 853 381 908 esse
404 841 631 907 obtentionibus
654 841 744 907 credi.
778 841 859 924 quod
881 841 1006 925 quidem
1027 859 1087 924 quo
1102 859 1212 926 genere

96 945 153 1010 aut
173 943 229 1010 fiat
250 947 304 1008 aut
325 943 391 1010 fieri
413 945 665 1028 percenseatur,
688 945 869 1030 intellegere
890 943 1069 1010 confitemur
1083 945 1212 1010 minime

73 1067 152 1112 snos
172 1065 269 1132 posse.
292 1048 494 1132 inspiciamus
513 1048 597 1114 enim
612 1050 692 1131 quod
707 1049 821 1114 (licitur
835 1050 893 1114 hoc
908 1049 1007 1114 modo.
1031 1047 1064 1112 in
1078 1066 1210 1126 nemore,
1221 1053 1259 1114 st

95 1152 211 1234 inquit,
243 1152 401 1218 Hennensi
423 1153 576 1236 quondam
597 1152 685 1218 flores
707 1153 889 1237 Proserpina
910 1153 1072 1218 lectitabat
1094 1153 1210 1236 uirago.

96 1255 257 1338 integrum
287 1254 386 1320 adhuc
413 1255 498 1320 istud
526 1256 574 1320 est
598 1256 735 1322 streete
763 1257 1011 1339 pronuntiatione
1039 1255 1210 1337 prolatum;

95 1377 169 1424 nam
191 1358 223 1423 et
243 1376 350 1422 nemus
365 1359 396 1422 et
410 1357 501 1422 fiores
516 1358 590 1442 quid
605 1359 678 1438 sint,
701 1359 775 1442 quid
789 1359 981 1443 Proserpina,
1005 1357 1079 1442 quid
1093 1359 1211 1441 unago,

96 1459 216 1526 cunctis
238 1459 487 1526 indubitabiliter
509 1463 617 1526 notum
639 1463 695 1528 est.
730 1463 858 1528 emicuit
874 1450 1097 1530 summersae
1119 1463 1212 1529 terris

59 1583 188 1629 recurru
217 1563 399 1650 quadniugo
425 1565 600 1630 uentitatus.
635 1565 766 1648 simplex
788 1567 820 1630 et
841 1567 899 1632 hoc
928 1585 1022 1648 aeque
1045 1566 1106 1643 est;
1140 1585 1212 1632 nam
1302 1613 1303 1618 κ
1334 1553 1336 1558 ’

96 1667 274 1752 quadrigae,
298 1686 404 1735 currus
426 1670 519 1750 atque
535 1667 720 1736 Summanus
736 1668 1021 1752 interpretationem
1036 1669 1212 1736 desiderant

99 1771 231 1836 ncillam.
267 1771 442 1856 inprouisus
471 1770 687 1854 Proserpinam
716 1773 819 1854 rapuit
845 1774 876 1838 et
898 1772 954 1838 sub
983 1774 1080 1838 terras
1109 1791 1213 1838 secum

96 1873 210 1938 auexit.
241 1873 378 1954 seminis,
402 1872 514 1955 iuquit,
538 1873 691 1943 abstrusio
714 1875 851 1957 raptione
872 1875 904 1940 in
919 1875 1119 1957 Proserpinae
1133 1895 1213 1940 nun-

95 1977 236 2060 cupatur.
270 1976 344 2058 quid
368 1975 512 2062 {accidit
536 1976 768 2058 quassantia
791 1976 877 2044 eliud
899 1977 1000 2042 subito
1023 1978 1210 2044 conuertere·
1222 1991 1240 2042 r.
1252 1987 1314 2038 117o

57 2099 84 2136 rs
96 2085 151 2145 tur
171 2080 313 2156 historia,
337 2099 443 2146 semen
457 2080 642 2164 Proserpina
662 2080 830 2156 diceretur,
853 2080 889 2145 ut
909 2098 985 2162 quae
1003 2080 1110 2164 uirago
1132 2082 1212 2148 iam·

97 2183 217 2248 dudum
243 2182 354 2274 florum
375 2185 409 2250 in
430 2183 613 2249 lectionibus
634 2184 819 2262 habebatur,
848 2184 1009 2266 postquam
1037 2185 1160 2250 sublata
1182 2189 1213 2250 et

95 2288 187 2370 rapta
209 2288 265 2365 est,
289 2287 545 2370 significationem
570 2287 701 2370 coeperit
729 2287 839 2352 habere
864 2287 1030 2358 sementis?
1062 2287 1212 2371 Iuppiter,

94 2389 210 2472 inquit,
233 2389 267 2452 in
288 2389 413 2456 taurum
435 2409 543 2456 uersus
565 2390 763 2456 concubitum
778 2390 888 2454 matris
903 2409 974 2456 snae
989 2388 1107 2456 Cereris
1122 2409 1212 2473 appe-

95 2493 187 2558 tiuit:
218 2494 252 2557 ut
274 2494 446 2576 expositum
468 2513 559 2576 supra
581 2494 643 2573 est,
669 2493 843 2558 nominibus
865 2494 914 2560 his
936 2494 1030 2559 tellus
1053 2494 1085 2558 ct
1105 2493 1213 2558 labeus

56 2615 85 2654 20
94 2596 207 2679 pluuia
228 2597 429 2680 nuncupatur.
465 2596 567 2681 legem
589 2597 786 2682 allegoricam
808 2596 898 2662 uideo
919 2596 1088 2662 tenebrosis
1113 2595 1213 2660 ambi·

95 2698 272 2784 guitatibus
306 2698 498 2781 explicatam.
541 2699 621 2766 irata
649 2699 738 2766 Ocres
767 2699 814 2767 est
842 2701 874 2765 et
903 2700 1017 2768 exarsit
1046 2699 1076 2765 et
1107 2697 1212 2765 arietis

96 2801 199 2884 proles
227 2821 283 2884 pro
311 2819 408 2886 poena
437 2805 529 2884 atque
561 2801 679 2867 ultione
707 2802 850 2885 suscepit.
887 2803 944 2868 hoo
976 2803 1090 2866 iterum
1123 2803 1212 2866 uideo

96 2905 313 2970 communibus
335 2906 368 2970 in
389 2905 559 2989 proloquiis
587 2909 779 2989 promptum3
812 2925 885 2972 uam
907 2907 939 2970 et
965 2907 1012 2972 irc
1039 2908 1070 2971 et
1095 2904 1211 2994 [testes]

98 3007 272 3074 satisfactio
308 3007 371 3074 suis
408 3008 545 3074 moribus
578 3010 610 3074 et
642 3009 868 3075 condicionibus
901 3009 987 3075 dicta
1020 3012 1102 3074 sunt.
1139 3009 1213 3091 quid

56 3127 172 3194 mergo
194 3111 244 3176 hic
265 3111 393 3188 accidit,
423 3112 459 3176 ut
482 3113 520 3176 ab
542 3112 629 3188 Ioue,
660 3111 713 3194 qui
734 3112 854 3194 pluuia,
878 3113 909 3177 et
931 3112 969 3176 ab
992 3110 1112 3192 Cerere,
1135 3131 1213 3195 quae

98 3213 256 3296 appellata
283 3215 330 3278 est
358 3214 457 3295 terra,
490 3233 538 3282 res
567 3217 711 3282 transiret
733 3216 774 3281 ad
795 3235 903 3282 uerum
924 3216 1030 3282 Iouem
1059 3219 1151 3299 atque
1174 3215 1213 3282 ad

133 3513 420 3608 lsimpliciterqucP
456 3581 467 3602 ,
523 3537 594 3606 quod
611 3538 680 3594 Sub:
698 3553 778 3608 quam
794 3538 822 3591 P
922 3538 1003 3592 bnos
1016 3537 1104 3592 Saba:
1121 3538 1214 3591 nonP

96 3639 142 3678 cm
159 3619 213 3676 Sub
314 3620 531 3675 GEnnensiSab
602 3620 773 3692 ⁸lectitabat
790 3619 884 3688 uirago
901 3619 967 3674 Urs:
983 3619 1163 3674 lectitabatP
1179 3621 1213 3674 ad

96 3709 150 3762 huc
166 3707 259 3776 uirago
277 3705 570 3775 lectitabat-Maureta
671 3708 687 3761 9
705 3706 864 3760 Summanus
877 3706 945 3760 Sub.-
963 3705 1106 3760 submauus
1119 3707 1146 3760 P

97 3796 131 3849 11
150 3809 302 3848 summanus
315 3793 384 3861 (sum
399 3793 432 3846 tc
449 3791 498 3846 sub
516 3793 588 3860 corr)
606 3793 634 3846 P
742 3792 990 3861 interpretationem
1008 3793 1036 3848 P
1145 3791 1212 3848 desi·

97 3881 194 3934 derant
212 3879 276 3944 cao,
293 3895 324 3933 r.-
347 3878 479 3954 desiderat
496 3879 524 3932 P
641 3877 674 3932 12
691 3881 778 3933 terras
797 3877 867 3933 Sabe
884 3880 954 3934 terra
972 3879 1000 3932 P
1117 3878 1150 3931 13
1167 3878 1213 3932 ab·

97 3965 198 4020 stmsio
216 3965 279 4030 cab,
297 3981 327 4018 r:
350 3963 497 4020 abstrusior
514 3964 542 4017 P
651 3964 685 4018 14
701 3964 752 4020 alit
769 3965 797 4018 P
814 3979 874 4018 corr
912 4019 916 4024 ,
987 3965 1019 4018 16
1037 3963 1175 4018 sublatam
1190 3965 1217 4018 P

97 4068 160 4108 corr
176 4056 199 4106 c‘
337 4052 369 4106 18
392 4049 561 4106 concubitum
584 4050 656 4106 Sub:
681 4050 861 4106 coincnbitum
878 4052 906 4105 P
930 4045 1147 4120 ‹scineubitumo

97 4137 250 4192 caerarisP
335 4135 467 4206 appetibit
485 4136 620 4192 Pocrrc¹
704 4137 738 4190 20
755 4134 847 4206 plubia
864 4137 891 4190 P
974 4135 1147 4190 lectionem?

97 4225 132 4280 21
145 4222 283 4278 oacrmP*
370 4222 467 4278 arietes
479 4223 611 4294 Pcmrc
712 4222 746 4276 23
757 4224 839 4276 testes
850 4223 956 4276 seclusit
967 4221 1082 4276 Ziubiac
1099 4221 1213 4276 testibus

101 4308 240 4364 Vableaas
347 4308 382 4362 24
399 4308 454 4363 suis
471 4309 581 4376 scripsi:
605 4307 660 4362 suis
678 4307 701 4362 is
720 4309 748 4361 P
770 4308 824 4362 suis
842 4307 886 4362 hic
904 4307 960 4362 Sub
1062 4307 1213 4363 nominibus

103 4395 156 4449 Urs
248 4392 409 4450 dictionibus
426 4395 478 4450 Urs
567 4392 814 4466 25plubiaPccrr
905 4393 939 4448 26
950 4392 1060 4448 uerbum
1071 4394 1213 4450 Macestus
