2916 5010
558 533 657 588 Liber
675 535 707 590 V.
1131 538 1191 604 1¹17

65 722 245 808 procuratio
274 721 415 798 debuerit
444 721 557 803 suscipi
586 722 746 808 fulguriti,
777 741 837 790 non
865 724 954 790 uideo
983 744 1037 790 cur
1058 727 1096 792 ab
1120 745 1191 810 rege

65 826 179 891 relatio
201 826 244 890 sit
265 825 348 890 facta
369 825 511 908 caepicii:
535 825 584 891 sin
606 827 710 891 autom
732 829 853 910 poterat
874 829 906 894 et
928 829 1062 912 caspicio
1086 834 1189 896 trans·

63 930 126 1015 igi,
147 928 313 994 libidinose
335 928 468 994 hominis
490 927 647 994 inhiatum
670 933 717 994 est
740 931 849 996 cruori.
878 933 970 1014 atque
992 931 1038 998 ita
1060 933 1093 998 in
1117 951 1188 998 con·
1273 931 1275 940 ‘

61 1035 201 1098 trarium
229 1052 301 1116 pars
329 1036 457 1114 utraque
485 1032 674 1116 traducitur,
708 1034 744 1098 ut
778 1052 834 1099 nec
861 1035 967 1100 Numa
999 1037 1189 1102 monstretur

27 1137 202 1212 5uoluissc
230 1137 307 1202 sciro
336 1139 415 1218 quod
443 1136 544 1200 uoluit
570 1137 603 1201 ot
635 1137 768 1202 crudelis
795 1138 936 1221 Iuppiter
967 1139 972 1218 Ι
1000 1140 1095 1206 fuisse
1129 1141 1269 1210 do-f,100

61 1241 188 1316 ceatur,
216 1241 270 1322 qui
297 1239 378 1321 quod
405 1257 515 1305 maena
542 1240 645 1323 potuit
672 1245 704 1308 ot
736 1242 869 1324 caepicio
901 1243 1017 1326 suscipi
1054 1245 1189 1310 uoluisse

59 1363 98 1409 se
114 1343 226 1408 dixerit
236 1342 381 1408 humanis
393 1341 546 1423 capitibus
558 1343 683 1424 expiari.
699 1343 781 1425 apud
795 1343 1003 1423 Timotheum,
1019 1365 1080 1412 non
1094 1346 1211 1429 igno-5

58 1447 163 1510 bilem
185 1445 398 1529 theologomm
429 1464 541 1523 unum,
570 1465 625 1512 nec
653 1463 715 1510 non
742 1446 836 1528 apud'
853 1447 930 1512 alios
959 1467 1053 1530 aequo
1081 1449 1187 1514 doctos

59 1568 158 1630 super
184 1549 300 1633 Magna
328 1551 454 1612 deorum
482 1547 583 1612 Matre
615 1567 767 1631 superque
795 1550 892 1616 sacris
915 1550 980 1615 cius
1003 1551 1089 1636 origo
1111 1550 1187 1616 hacc

15 1685 45 1724 10
63 1651 131 1717 sita
153 1652 209 1728 est,
234 1671 270 1716 ex
293 1649 457 1716 reconditis
480 1650 705 1732 antiquitatum
727 1652 817 1717 libris
839 1653 871 1717 et
892 1673 928 1718 ex
943 1653 1065 1718 intimis
1089 1657 1187 1732 eruta,

58 1754 328 1837 quemadmodum
349 1754 416 1837 ipse
430 1753 539 1818 scribit
560 1753 767 1836 insinuatque,
792 1755 960 1838 mysteriis.
983 1757 1016 1820 in
1031 1756 1187 1840 Phrygiae

57 1857 179 1923 finibus
201 1857 359 1922 inauditae
381 1875 435 1938 per
457 1857 562 1922 omnia
583 1857 742 1924 uastitatis
764 1861 860 1941 petra,
883 1859 996 1943 inquit,
1019 1863 1067 1926 ost
1090 1879 1184 1943 quac-

57 1961 152 2038 dam,
187 1961 237 2026 cui
269 1979 379 2025 nomen
410 1963 457 2025 est
485 1959 609 2045 Agdus,
644 1960 777 2045 regionis
806 1963 871 2027 eius
902 1965 941 2028 ab
963 1962 1118 2048 indigenis
1142 1964 1186 2028 sic

58 2065 184 2128 uocata.
208 2083 245 2134 ex
267 2082 303 2128 ea
324 2063 442 2145 lapides
464 2064 614 2146 sumptos,
638 2063 720 2129 sicut
738 2064 865 2130 Themis
880 2065 1081 2130 mandauerat
1095 2085 1185 2150 prae-

16 2169 186 2254 recinens,
221 2168 253 2231 in
281 2167 385 2231 orbem
413 2165 599 2231 mortalibus
626 2185 760 2231 uacuum
787 2166 958 2232 Deucalion
987 2167 1120 2234 iactauit
1154 2169 1185 2234 et

56 2271 178 2355 Pyrra,
213 2288 248 2334 er
277 2269 388 2352 quibus
416 2287 487 2333 cum
515 2269 625 2334 aeteus
655 2272 687 2334 ot
714 2269 789 2334 haec
815 2269 932 2354 Magna
961 2287 1038 2352 quae
1068 2271 1184 2336 dicitur

56 2374 230 2439 informata
253 2374 300 2437 est
319 2371 420 2436 Mater
435 2373 528 2453 atque
552 2371 692 2437 animata
715 2371 880 2437 diuinitus.
905 2373 984 2438 hanc
1006 2373 1040 2437 in
1064 2373 1183 2439 uertice

54 2480 128 2562 ipso
150 2478 254 2560 petrae
276 2476 382 2540 datam
409 2475 506 2558 quieti
528 2477 559 2539 ot
587 2491 693 2541 somno
723 2493 855 2558 nequam
884 2476 1011 2542 incestis
1040 2475 1182 2560 Iuppiter

56 2579 288 2663 cupiditatibus
310 2577 479 2660 adpetiuit‚
510 2576 563 2642 sed
593 2595 664 2642 cum
686 2577 861 2643 obluctatus
884 2578 938 2643 din
959 2579 993 2642 id
1015 2579 1097 2660 quod
1120 2577 1181 2643 sibi

18 2683 249 2766 repromiserat
276 2681 413 2764 optinere
442 2679 613 2763 nequisset,
646 2681 840 2762 uoluptatem
872 2682 903 2747 in
932 2680 1069 2764 lapidem
1098 2679 1182 2745 ludit
1214 2669 1218 2678 ’

56 2787 174 2853 uictus.
209 2785 281 2850 hinc
302 2786 390 2869 petra
412 2783 566 2865 concepit,
595 2784 627 2848 et
648 2783 823 2868 mugitibus
845 2784 938 2850 editis
961 2783 1070 2848 multis
1094 2783 1181 2864 prius

55 2909 166 2956 mense
188 2889 326 2954 nascitur
348 2887 467 2952 decimo
489 2887 628 2951 materno
651 2887 689 2952 ab
712 2887 835 2951 nomine
857 2886 1090 2970 cognominatus
1112 2887 1180 2970 Ag·
1267 2956 1272 2966 Ι

56 2994 165 3060 destis.
203 2992 275 3057 huic
296 2992 389 3057 robur
415 2991 569 3056 inuictum
592 2991 624 3055 et
645 2990 789 3056 ferocitas
817 2992 913 3056 animi
936 2991 1038 3056 fuerat
1060 2991 1179 3057 intrac-

55 3097 178 3174 tabilis,
201 3097 313 3161 insana
336 3096 370 3160 et
392 3094 515 3160 furialis
536 3093 636 3158 libido
659 3095 691 3158 et
714 3113 750 3158 ex
772 3096 902 3176 utroque
925 3113 1012 3171 soxu;
1035 3094 1069 3159 ui
1082 3097 1180 3178 rapta

21 3220 42 3262 rs
55 3200 225 3276 diuastaro,
248 3197 434 3280 disperdere,
456 3197 637 3261 immanitas
662 3213 720 3277 quo
743 3196 840 3260 animi
855 3197 1000 3274 duxerat3
1023 3191 1082 3263 hon
1106 3198 1179 3264 deos

56 3321 173 3382 curare,
196 3321 256 3368 non
277 3299 417 3366 homines
438 3319 493 3365 nec
513 3301 634 3382 praetor
657 3300 865 3384 sequicquam
881 3301 1038 3383 potentius
1054 3305 1178 3370 credero

55 3407 172 3483 terras,
200 3404 321 3470 caelum
348 3407 380 3470 et
407 3403 507 3469 sidera
539 3404 702 3470 continere.
748 3403 835 3469 cuius
864 3422 934 3470 cum
957 3406 1084 3472 audacia
1106 3408 1207 3489 qui-o

54 3509 189 3576 busnam
211 3507 311 3574 modis
333 3508 438 3591 posset
460 3507 510 3572 uel
533 3506 691 3573 debilitari
713 3506 764 3570 uel
787 3505 937 3588 conprimi
960 3525 1175 3590 saepenumero

55 3611 139 3678 esset
161 3611 288 3676 deorum
302 3610 335 3675 in
351 3609 572 3675 deliberatione
588 3610 773 3692 quaesitum,
795 3608 1020 3676 haesitantibus
1040 3609 1046 3694 Ι
1064 3613 1172 3678 ceteris
1183 3630 1203 3686 f.
1212 3630 1279 3686 100n

88 3815 362 3883 ⁸lcaepiciisPcorr
440 3813 967 3870 4NumchldehrcmiiusrnumamP
1051 3815 1177 3872 bmaena

54 3901 185 3955 Za‘alcim:
199 3901 288 3956 Numa
301 3899 456 3956 PaNuma
469 3900 543 3956 Solon
628 3901 910 3970 potuitct1potuisce
930 3899 984 3956 sac
1061 3901 1175 3970 coepitio

55 3985 123 4041 Sub.-
142 3987 216 4055 cepio
234 3987 261 4040 P
362 3985 462 4054 suscipi
480 3984 508 4039 P
608 3985 668 4038 'lae
685 3985 742 4040 add
753 3985 870 4040 matius
971 3987 1089 4041 sunum
1105 3988 1175 4043 Uro:

54 4073 144 4128 uirum
163 4076 191 4128 P
285 4073 318 4127 10
336 4076 378 4127 est
395 4073 422 4126 P
517 4073 549 4127 11
567 4071 672 4142 frygiae
690 4071 718 4125 P
816 4072 852 4128 12
871 4071 968 4140 inquid
985 4073 1013 4126 P
1029 4088 1090 4126 corr

55 4157 87 4211 14
98 4161 196 4213 uocata
205 4159 364 4213 Macrales.-
376 4161 484 4212 uocatae
493 4158 521 4211 P
598 4158 630 4211 18
639 4173 754 4226 nequam
768 4155 797 4214 0.
807 4157 962 4212 Bartbias:
974 4166 1054 4226 quam
1063 4158 1091 4211 P

55 4243 87 4295 21
103 4245 169 4298 hinc
193 4245 259 4299 Urs.-
277 4245 347 4298 hanc
364 4245 391 4297 P
473 4243 508 4296 22
525 4241 641 4297 acdestis
659 4243 687 4296 P
777 4243 812 4297 24
829 4245 860 4295 ut
877 4257 907 4295 or
925 4240 1089 4298 Steweebius

55 4331 164 4399 utroquo
186 4329 250 4384 Gal.-
269 4330 383 4397 utraque
401 4330 428 4383 P
526 4344 603 4382 sexus
627 4327 682 4384 Sub
777 4329 811 4383 25
829 4327 966 4381 decertare
988 4327 1040 4382 Urs
1136 4329 1174 4382 ire

55 4410 206 4469 immanitas
225 4413 300 4468 Sulca
386 4415 419 4469 26
437 4429 498 4484 prae
520 4413 573 4468 Urs
659 4414 774 4480 credere;
792 4415 876 4467 terras
893 4411 976 4483 culpo
1059 4411 1093 4467 27
1110 4427 1173 4469 oon·

56 4501 170 4556 temnere
189 4500 252 4565 Sub,
272 4501 353 4571 culpo
456 4499 615 4568 quibusnam
633 4499 703 4555 Sub.-
721 4499 882 4569 quibusdam
899 4499 927 4552 P
