2950 5006
244 474 292 540 46
550 469 698 527 Arnobii
721 473 882 528 aduersus
902 473 1060 526 nationes

251 644 359 710 teretis
380 663 435 712 uos
449 645 555 711 tamen
577 663 632 712 nec
646 646 801 728 potionem
825 645 1014 729 incognitam
1034 643 1219 710 dubitaretis
1243 643 1366 709 haurire

251 767 304 830 spe
325 748 434 814 salutis
455 749 612 832 proposita
632 750 723 831 atque
745 765 848 814 amore
866 747 1090 814 incolumitatis
1104 746 1231 813 incensi.
1268 747 1368 812 eluxit

224 836 344 934 'atque
385 851 527 935 apparuit
560 850 701 917 Christus
734 851 778 916 rei
813 851 964 917 maximae
999 849 1159 916 nuntiator
1194 851 1368 933 auspicium

252 954 389 1020 lauretum
410 958 535 1038 portans
556 955 589 1020 et
609 954 805 1039 praeconium
828 953 962 1020 salutare
983 953 1186 1019 credentibus.
1216 972 1368 1036 quaenam

253 1059 300 1124 est
325 1058 387 1123 ista
419 1057 599 1137 crudelitas,
630 1058 844 1126 inhumanitas
872 1076 949 1140 qnae
970 1059 1075 1136 tanta,
1109 1057 1298 1139 quinimmo,
1330 1062 1409 1122 nte

252 1161 354 1226 uerius
384 1159 517 1243 eloquar,
550 1161 720 1245 fastidium,
755 1159 962 1244 supercilium,
996 1160 1203 1225 nuntiatorem
1230 1161 1369 1226 muneris

254 1267 285 1328 et
316 1264 498 1347 portitorem
531 1263 613 1329 tanti
646 1281 706 1329 non
738 1265 862 1330 tantum
897 1263 1061 1328 uerborum
1098 1262 1369 1329 maledictionibus

255 1366 389 1432 scindere
421 1385 529 1432 uerum
565 1367 661 1432 etiam
693 1367 773 1432 bello
810 1367 900 1451 grani
933 1367 1024 1448 atque
1052 1365 1193 1431 omnibus
1226 1365 1372 1449 persequi

254 1470 386 1536 telorum
408 1470 606 1536 effusionibus
629 1473 661 1538 at
682 1471 802 1537 ruinis?
836 1487 895 1536 non
924 1470 1047 1554 placent
1069 1488 1105 1535 ea
1130 1487 1208 1551 qnae
1235 1469 1311 1535 dicit
1340 1472 1374 1535 et

179 1588 326 1640 sarcum
351 1572 356 1661 Ι
381 1573 598 1640 offensionibus
620 1574 785 1659 audiuntur
806 1592 825 1639 a
845 1573 946 1639 nobie:
975 1591 1030 1655 pro
1051 1572 1179 1638 ludicris
1201 1590 1238 1638 ea
1257 1573 1411 1638 raticio

254 1677 427 1744 nationibus
450 1679 634 1759 computate.
673 1676 890 1742 stolidissimas
910 1695 959 1742 res
981 1677 1118 1760 loquitur
1141 1677 1173 1742 et
1188 1674 1275 1743 fatua
1290 1675 1376 1742 dona

254 1779 426 1862 promitt't:
463 1780 560 1846 ridete
586 1781 623 1846 ut
649 1781 801 1866 sapientes
829 1798 884 1847 nos
912 1779 972 1844 uiri
1000 1780 1032 1845 et
1057 1780 1091 1845 in
1121 1780 1186 1846 onis
1216 1779 1375 1845 erroribus

255 1883 431 1949 fatuitatem
460 1883 624 1967 relinquite
656 1884 800 1950 uolutari.
836 1901 987 1966 quaenam
1021 1884 1067 1948 eit
1094 1883 1169 1949 haec
1190 1882 1310 1966 feritas²
1335 1883 1377 1948 ut

255 1988 428 2068 repetamus
451 2005 527 2069 qnae
549 1988 632 2053 dicta
654 1987 882 2070 contempior,
911 2005 989 2069 qnae
1018 1985 1114 2051 libido
1137 1990 1203 2051 tam
1225 1985 1374 2067 camilex,

255 2089 439 2171 inexpiabile
466 2088 583 2154 bellum
609 2089 745 2155 indicere
772 2088 850 2153 nihil
880 2089 918 2153 de
939 2089 971 2154 te
993 2089 1120 2168 merito,
1149 2088 1316 2156 dilacerare
1346 2091 1413 2155 sire
1463 2151 1464 2172 ἶ

256 2185 346 2256 detur
372 2210 442 2257 eum
471 2191 551 2258 uelle
577 2211 632 2274 per
653 2191 786 2271 nocere,
815 2191 951 2273 quinon
973 2189 1062 2256 modo
1084 2191 1207 2257 nullum
1228 2191 1376 2258 intulerit

256 2295 375 2360 malum
396 2296 455 2361 ulli
477 2296 529 2362 sed
552 2296 722 2378 aequaliter
742 2295 895 2379 benignus
920 2295 1061 2360 hostibus
1077 2293 1201 2375 diceret,
1223 2295 1377 2378 quidnam

257 2399 369 2464 animis
384 2399 494 2464 salutis
509 2397 564 2463 deo
579 2399 752 2481 portaretur
765 2417 784 2462 a
798 2399 942 2480 principe,
963 2399 1036 2480 qnid
1052 2400 1133 2463 esset
1148 2397 1229 2464 lacto
1244 2416 1318 2480 opus
1336 2403 1378 2464 ut

257 2501 418 2566 interitum
440 2501 582 2584 fugerent
604 2501 636 2565 et
657 2499 926 2565 immortalitatem
940 2501 1195 2582 consequerentur
1209 2502 1378 2585 ignotam?
1462 2513 1463 2532 i

255 2624 387 2687 cumque
410 2605 532 2669 nouitas
559 2623 662 2668 rernm
684 2608 715 2670 et
737 2603 879 2670 inaudita
900 2604 1061 2685 promissio
1089 2605 1283 2670 audientium
1304 2606 1416 2670 tur-ao

198 2735 204 2762 ·
256 2707 345 2772 beret
366 2708 485 2772 mentes
508 2708 539 2771 et
560 2706 773 2772 credulitatem
795 2705 909 2772 faceret
936 2707 1100 2786 haesitare,
1129 2707 1282 2772 uirtutum
1304 2724 1378 2773 orn-

253 2811 344 2876 nium
377 2810 516 2875 dominus
544 2809 634 2892 atque
661 2811 757 2894 ipsius
785 2810 894 2874 mo'rtis
921 2810 1077 2882 extinctor
1105 2809 1261 2876 hominem
1281 2829 1380 2878 sunm
1461 2837 1462 2848 ¹

259 2913 400 2995 permisit
427 2913 572 2992 interfici,
601 2917 638 2978 ut
660 2931 696 2978 ax
717 2912 808 2978 rebne
830 2913 1085 2994 consequentibns
1113 2913 1227 2978 scirent
1248 2914 1379 2981 in'tnto

256 3033 326 3080 esse
348 3033 416 3098 spes
438 3033 508 3081 snas
531 3034 606 3098 quas
631 3016 812 3082 iamdudum
837 3016 1017 3098 acceperant
1031 3015 1068 3080 de
1083 3016 1257 3082 animarum
1271 3017 1378 3086 saluto

260 3136 317 3184 nec
338 3119 507 3199 periculum
529 3119 637 3184 mortis
660 3120 720 3184 alia
742 3138 774 3185 se
795 3138 883 3201 posse
904 3119 1023 3185 ratione
1046 3117 1155 3186 uitare.
1389 3138 1416 3179 rs

295 3423 563 3495 connumeresque
582 3427 639 3482 sao
752 3426 879 3496 dloquar
897 3425 951 3482 Sub
1063 3427 1233 3484 fastidiosum
1251 3427 1306 3484 sco

257 3510 278 3564 9
296 3526 329 3564 co
345 3525 411 3581 qnae
422 3513 450 3566 P
561 3513 594 3566 11
612 3509 759 3583 compitate
777 3513 805 3566 P
821 3514 982 3581 comportate
995 3511 1050 3568 cao
1170 3514 1203 3568 13
1220 3513 1382 3572 fatuitatem

263 3599 332 3654 Sub:
349 3598 521 3654 iatuitantem
539 3601 566 3654 P
677 3602 710 3655 15
727 3599 869 3654 dilacerare
887 3599 957 3654 Sub.-
975 3600 1118 3656 delacerare
1135 3603 1163 3656 P
1273 3603 1306 3656 17
1324 3604 1383 3657 nlli

263 3686 417 3740 Meareicoe:
446 3686 515 3740 nulli
533 3687 560 3740 P
660 3685 782 3740 omnibus
804 3684 854 3740 aar
964 3685 1062 3740 diceret
1080 3686 1134 3741 Sub
1151 3687 1183 3742 ta
1200 3704 1261 3743 crr:
1289 3687 1382 3744 dicere

264 3773 291 3826 P
307 3771 426 3828 docuerit
447 3773 495 3828 cer
580 3773 613 3827 18
630 3772 726 3826 animis
743 3772 856 3842 scripsi:
874 3771 917 3825 hie
936 3772 963 3825 P
1046 3775 1109 3827 case*
1126 3774 1155 3828 P
1239 3774 1271 3828 19
1288 3789 1383 3830 conse-

259 3859 439 3927 queretur?
515 3857 767 3914 20tnrbarent8oh
847 3858 880 3912 21
892 3856 1075 3912 facerentSob
1157 3858 1312 3914 haeitnreP

259 3961 297 4016 ab
314 3977 432 4020 nasoon
449 3948 496 4018 me
514 3975 540 4016 ·1·
558 3947 622 4016 uxr.
638 3947 687 4016 rub
703 3947 750 4016 nni
768 3973 805 4016 rr·
823 3947 938 4016 rnnrorf.
957 3960 984 4014 P
