2888 5008
560 451 660 505 Liber
680 451 742 504 Vll.
888 515 890 520 Ι
1143 455 1204 532 281

94 621 192 688 fuisso
206 621 326 701 terreni,
350 623 491 705 quamuis
510 623 605 690 buerit
619 623 753 690 inmanis
769 627 799 689 et
813 623 936 706 nimine,
960 627 1101 706 quamuis
1116 626 1207 692 illum

93 726 136 800 ab
159 726 276 810 Regulo
304 712 453 792 exercitus
476 726 508 791 ui
530 744 652 792 mesum
674 726 865 811 longitudine
893 728 1024 809 corporis
1047 731 1078 793 et
1099 729 1205 796 robore

93 827 261 894 anteierit?
284 831 335 894 sed
365 828 451 894 aliud
472 847 527 895 nos
548 849 650 896 remur
672 831 703 896 et
724 829 944 896 labefactamus
966 832 997 896 ot
1019 832 1205 898 destruimus

96 931 269 998 amntem.
302 948 373 1015 ergo
396 932 534 997 uestrum
555 934 603 998 est
624 935 783 1018 explicare,
807 933 953 1015 quidnam
975 933 1030 998 ille
1044 933 1138 1000 fuerit
1152 937 1203 1001 uel

60 1033 333 1119 eoniusgeneris,
354 1034 485 1100 nominis
508 1037 539 1101 et
560 1036 721 1118 qualitatis
744 1037 839 1103 cuius.
874 1055 948 1102 nam
970 1035 1044 1103 deus
1065 1055 1130 1103 esse
1152 1038 1206 1120 qui

90 1138 210 1222 potuit,
244 1159 314 1206 cum
343 1140 470 1206 haberet
492 1159 527 1206 ea
549 1158 625 1222 quac
652 1139 800 1219 diximus,
836 1160 912 1223 quae
942 1141 986 1207 dii
1014 1140 1124 1206 habere
1145 1159 1205 1208 non

92 1241 220 1321 debent,
250 1243 276 1308 si
306 1244 443 1326 cogitant
473 1243 517 1308 dii
545 1261 611 1308 esse
633 1246 664 1308 et
686 1243 854 1310 notaminis
882 1244 981 1314 huius¹
1005 1243 1204 1308 eminentiam

90 1345 269 1427 possidere?
302 1346 476 1412 Tiberinum
505 1348 668 1429 postquam
691 1346 730 1410 ad
750 1346 884 1412 insulam
913 1347 1023 1431 repsit,
1053 1365 1204 1428 nusquam

93 1448 236 1514 continuo
257 1449 416 1532 apparuit:
440 1469 500 1532 qua
523 1467 558 1514 ex
579 1468 612 1514 re
634 1468 746 1514 numen
767 1449 861 1516 fuisso
875 1449 1075 1515 monstratur.
1098 1465 1204 1530 possu-

44 1569 163 1616 nomus
185 1551 268 1618 eninr
289 1552 382 1630 scire,
412 1553 559 1628 utrumne
576 1552 649 1617 istic
672 1551 796 1635 aliquod
817 1552 862 1617 roi
884 1551 977 1616 fuerit
999 1551 1128 1616 alicuius
1151 1550 1204 1614 ob·
1239 1577 1241 1582 ,

90 1653 259 1733 staculum,
282 1655 369 1720 cuiue
399 1673 463 1720 sose
492 1655 612 1721 obiectu
633 1657 726 1737 atque
748 1655 935 1737 oppositione
962 1653 1142 1737 protexerit,
1165 1671 1203 1716 an

91 1756 196 1821 hiatus
223 1757 335 1838 aliquis
357 1759 411 1824 aut
434 1776 470 1822 ex
492 1757 625 1823 molibus
646 1759 848 1841 inaequaliter
870 1756 1026 1842 aggeratis
1048 1773 1203 1821 sucmssus

93 1859 220 1940 quidam
241 1863 272 1924 et
294 1859 439 1940 fornices,
472 1859 504 1924 in
533 1877 607 1942 quos
636 1860 746 1925 intulit
768 1878 802 1925 se
829 1861 944 1942 raptim
974 1859 1204 1941 circumscripto

92 1962 249 2028 tuentium
263 1963 357 2056 uisu?
379 1963 453 2044 quid
467 1961 558 2046 enim,
576 1963 603 2028 si
618 1961 732 2028 flumen
746 1963 939 2028 transiliuit?
962 1962 1045 2045 qnid,
1061 1963 1087 2026 si
1103 1965 1203 2026 trans·

47 2086 79 2124 rs
91 2065 239 2130 natauit?
260 2065 344 2146 quid,
367 2066 393 2130 si
409 2065 558 2156 siluarum
580 2065 784 2131 densitatibus
800 2083 831 2130 se
846 2065 954 2132 dedit?
977 2064 1204 2150 argumentatio

90 2166 219 2232 flaccida
240 2169 297 2245 est,
319 2186 354 2232 ea
368 2187 401 2234 re
415 2167 565 2250 suspicari
588 2167 679 2232 deum
701 2169 792 2234 illum
807 2166 901 2232 fuisse
916 2169 1100 2249 serpentem,
1123 2167 1204 2250 quod

90 2270 132 2334 ab
154 2271 249 2336 oculis
270 2289 336 2338 sese
364 2274 524 2354 properata
553 2271 687 2356 agminis
716 2270 910 2336 festinatione
933 2270 1102 2353 subtraxit,
1133 2289 1203 2335 cum

91 2372 184 2438 deum
206 2390 265 2438 non
286 2373 380 2440 iuuisse
395 2373 501 2440 eadem
515 2363 621 2440 rursus
635 2373 733 2457 possit
749 2373 1015 2456 argumentatione
1028 2374 1201 2440 monstrari.

91 2475 146 2540 sed
168 2475 195 2538 si
217 2475 290 2542 deus
312 2495 452 2560 praesens
476 2478 585 2560 anguis
607 2475 661 2542 ille
683 2476 838 2556 nonfuit,
868 2495 922 2541 our
945 2479 1015 2558 post
1035 2477 1122 2541 illius
1144 2477 1199 2542 ad·
1213 2479 1251 2541 lt
1334 2517 1343 2550 ,

42 2579 220 2644 aduentum
241 2579 435 2662 pestilentiae
457 2581 505 2646 uis
526 2580 624 2646 fracta
645 2581 692 2646 est
711 2578 716 2665 Ι
735 2581 767 2646 ct
788 2581 899 2662 populo
921 2580 1005 2646 salus
1020 2581 1067 2646 est
1081 2577 1289 2644 redditat1oo

89 2681 249 2747 Romano?
278 2682 437 2748 referimus
466 2687 497 2748 et
524 2701 578 2748 nos
607 2684 726 2749 contra:
761 2683 788 2746 si
811 2702 846 2748 ox
867 2682 956 2748 libris
979 2682 1126 2748 fatalibus
1146 2699 1200 2747 ua·

89 2785 219 2866 tumque
245 2786 396 2867 responsis
422 2786 549 2852 inuitari
570 2785 610 2852 ad
638 2786 745 2853 urbem
773 2787 848 2852 deus
869 2784 1072 2867 Aesculapius
1100 2784 1202 2848 iussus

88 2889 153 2964 est,
183 2891 219 2952 ut
241 2887 279 2952 ab
301 2888 362 2952 luis
392 2889 533 2972 contagio
562 2889 737 2972 morbisque
766 2889 981 2971 pestilentibus
1008 2889 1110 2952 tutam
1132 2905 1201 2952 eam

87 2991 334 3074 incolumemque
355 2992 535 3076 praestaret,
564 2996 595 3057 et
616 2993 703 3058 uenit
724 3009 784 3058 non
807 2992 1000 3075 aspernatus,
1029 2991 1065 3055 nt
1086 2990 1201 3071 dicitis,

41 3120 76 3162 se
89 3095 285 3163 colubrarum
306 3095 340 3161 in
361 3094 491 3160 formam
513 3113 691 3162 conuersus:
720 3115 775 3160 cur
796 3095 907 3160 totiens
929 3096 1068 3160 Romam
1090 3094 1200 3160 ciuitas

89 3199 168 3264 mali
189 3198 281 3264 huius
303 3197 419 3264 afflicta
440 3200 487 3264 ert
509 3197 657 3278 cladibus,
681 3199 794 3264 totiens
815 3196 885 3262 aliis
907 3196 1039 3279 aliisque
1054 3197 1201 3279 tempori-

88 3302 149 3366 bus
169 3301 342 3378 dilacerata,
365 3301 476 3366 uexata
497 3304 546 3366 est
566 3301 597 3366 et
611 3300 782 3366 innumeris
798 3298 954 3384 stragibus
970 3299 1087 3364 ciuium
1102 3299 1201 3364 minor

87 3403 172 3468 facta
193 3406 242 3468 est
262 3402 426 3469 millibus?
448 3422 518 3468 cum
539 3404 622 3469 enim
643 3406 717 3468 deus
737 3403 857 3468 adcitus
872 3401 903 3467 in
919 3401 976 3469 hoc
991 3418 1056 3466 esso
1070 3400 1200 3480 dicatur,

122 3692 246 3746 broborc
263 3693 417 3746 Menestas:
435 3691 534 3745 roboris
552 3692 580 3746 P
671 3691 688 3745 3
706 3689 830 3744 anteierit
846 3691 956 3758 scrcpoi:
974 3691 1089 3744 antebet
1107 3693 1134 3746 P

84 3776 275 3832 labefactamus
298 3775 531 3831 Hucebraoeeos:
565 3775 753 3830 labefactamus
776 3775 803 3828 P
831 3773 1001 3830 labefacimus
1025 3775 1089 3842 Sub,
1112 3795 1128 3831 r

83 3863 242 3932 aquosam
260 3863 311 3917 Ure
397 3862 430 3915 10
447 3861 495 3915 isti
508 3863 632 3916 Pcorrc
711 3861 744 3915 12
761 3861 957 3938 inequaliterP
1026 3862 1071 3919 ,14
1086 3863 1199 3916 trassili·

83 3949 128 4004 nit
144 3949 172 4004 P
269 3949 306 4001 sir
323 3949 351 4004 P
456 3948 492 4004 14
508 3963 561 4018 eqq.
579 3948 760 4002 uenenatauit
776 3947 970 4016 argumentatio
987 3945 1096 4002 lemida
1113 3951 1153 4002 eet
1170 3965 1200 4002 ea

85 4051 115 4089 re
127 4035 255 4103 uusmoari
272 4035 336 4102 quid
353 4035 376 4088 si
394 4035 428 4101 (si
443 4034 500 4088 add
511 4036 534 4101 θ)
552 4034 679 4088 siluarum
697 4033 873 4088 densitatibus
891 4049 918 4088 se
935 4031 1009 4088 dedit
1027 4032 1106 4098 doum
1121 4033 1199 4088 illum

85 4122 128 4175 P:
151 4126 253 4187 rectura
275 4120 419 4176 uerborum
437 4119 561 4174 cadim
578 4120 699 4175 restituit
720 4119 769 4174 aaz
874 4139 876 4142 ·
905 4119 936 4173 17
954 4119 1071 4188 agminis
1087 4118 1199 4187 arripui.-

82 4207 157 4260 omni
175 4206 203 4260 P
282 4205 423 4270 latinalio
440 4207 467 4260 P
482 4221 576 4260 corre
705 4206 740 4260 20
756 4209 797 4262 est
813 4212 879 4262 uate
896 4205 1059 4262 redditaene
1076 4203 1131 4260 Sub

83 4292 118 4346 21
140 4291 283 4360 batumque
305 4293 333 4346 P
348 4307 410 4346 corr
485 4331 487 4338 .
544 4291 578 4344 22
595 4291 757 4360 aeecclepius
774 4293 802 4346 P
935 4291 1111 4350 aenomaus
1134 4290 1199 4347 Ure:

83 4378 195 4432 romaP
297 4376 659 4446 tbeqq.eludibus...fncta
676 4378 836 4434 estoraSub
938 4375 1132 4432 28milibusP
