2916 5010
586 451 685 506 Liber
703 451 741 507 11.
877 393 879 400 Ι
920 459 924 464 “
1154 455 1214 522 101
1233 429 1236 435 ¹
1333 463 1334 466 ’

681 605 685 616 l

106 623 183 688 certi
204 624 300 687 666166
323 621 403 705 6661
425 640 479 686 666
500 621 616 687 habent
637 624 751 688 tutelas
773 623 913 690 licentias
934 623 1099 707 potestates
1120 644 1215 709 neque

107 743 213 790 eornm
235 725 273 790 ab
303 725 404 806 aliquo
425 723 459 789 id
480 725 561 807 qnod
589 726 654 790 eins
680 744 741 791 non
763 726 804 792 sit
832 728 994 809 potestatis
1016 747 1051 792 ac
1072 728 1215 794 licentiae

108 828 280 911 postulatis,
302 828 348 892 ita
368 827 458 892 unius
473 828 664 911 pontificium
680 827 793 893 Christi
809 830 856 894 est
870 832 942 894 dare
957 831 1068 895 animis
1083 831 1216 896 salutem

107 930 140 996 61
167 931 319 1014 spiritum'
342 931 556 1012 perpetuitatis
589 932 748 1012 adponere.
783 931 809 996 si
837 934 925 998 anim
946 931 1065 1016 patrem
1092 933 1216 1000 creditis

82 1033 254 1099 olibanum
277 1033 348 1100 dare
368 1052 456 1115 posse
477 1035 678 1112 uindemiam‚
700 1033 883 1100 medicinam
905 1054 965 1099 non
985 1054 1087 1117 posse,
1110 1036 1136 1100 si
1159 1035 1215 1102 Oe-
1320 1035 1327 1050 “

106 1155 206 1202 rerem
226 1136 344 1221 fruges,
374 1137 401 1201 si
424 1136 642 1218 Aesculapium
664 1137 844 1216 sanitatem,
872 1138 899 1201 si
920 1137 1098 1220 Neptunum
1121 1138 1215 1218 aliud,

106 1241 191 1305 aliud
221 1259 309 1322 posse
337 1240 499 1317 Iunonem,
520 1239 688 1304 Fortunam
709 1239 896 1305 Mercurium
925 1241 1095 1306 Volcanum
1115 1261 1216 1306 rerum

108 1361 174 1409 esse
196 1341 333 1426 singulos
355 1344 508 1407 certarum
529 1361 564 1407 66
586 1342 780 1426 singularum
801 1345 938 1408 datores:
967 1344 998 1407 et
1020 1343 1076 1409 hoc
1097 1362 1217 1410 necesse

108 1465 127 1510 a
149 1444 235 1510 nobis
258 1449 305 1510 est
326 1446 362 1509 nt
383 1445 519 1509 debeatis
547 1445 711 1527 accipere„
732 1446 769 1510 ab
798 1445 882 1510 nullo
905 1445 1021 1512 animas
1042 1464 1130 1529 posse
1151 1446 1217 1511 uim

66 1571 99 1610 10
107 1547 192 1613 uitae
214 1550 306 1630 atque
327 1547 548 1614 incolumitatis
571 1549 706 1630 accipere
726 1548 787 1637 nisi
801 1550 838 1615 ab
853 1567 886 1614 eo
902 1568 992 1631 quem
1006 1568 1058 1614 rex
1078 1568 1217 1616 summus

108 1652 181 1716 huic
206 1651 326 1715 muneri
353 1651 513 1733 officioque
541 1651 698 1733 praefecit.
732 1651 809 1718 hanc
837 1652 1027 1734 omnipotens
1052 1652 1218 1735 imperator

109 1771 174 1820 esse
202 1753 303 1819 uoluit
331 1754 443 1820 salutis
472 1755 570 1832 niam,
600 1755 676 1820 hanc
698 1755 781 1820 uitae
808 1755 843 1818 ut
856 1756 909 1820 ita
930 1755 1057 1820 dixerim
1083 1757 1217 1836 ianuam,

107 1858 268 1941 perhanc
297 1857 396 1922 solnm
427 1859 473 1922 661
502 1857 657 1940 ingressus
687 1858 725 1922 ad
754 1859 853 1923 lucem
882 1877 979 1940 neque
1008 1859 1082 1924 alias
1112 1859 1218 1923 datum

109 1960 230 2024 661661
259 1959 395 2041 inrepere
423 1961 473 2025 uel
502 1961 646 2024 inuadere
676 1960 783 2025 ceteris
811 1961 953 2026 omnibus
981 1961 1094 2026 clausis
1128 1964 1219 2043 atque

70 2091 99 2130 ns
107 2061 337 2144 inexpugnabili
365 2081 432 2128 6666
458 2063 595 2128 munitis.
628 2063 703 2128 licet
730 2081 799 2146 ergo
827 2066 861 2129 tu
889 2083 983 2146 purus
1010 2066 1042 2146 61
1074 2065 1112 2128 ab
1135 2063 1269 2132 6616111

108 2163 204 2230 fueris
218 2166 366 2230 uitiorum
381 2165 640 2231 contaminatione
654 2167 812 2250 purgatus,
826 2166 1034 2232 conciliaueris
1045 2166 1117 2232 11166
1129 2169 1220 2249 atque

107 2267 258 2332 inflexeris
280 2268 456 2352 potestates,
480 2269 519 2333 ad
541 2269 659 2334 caelum
680 2288 716 2333 ne
737 2269 877 2334 redeunti
898 2270 965 2334 uias
981 2269 1105 2334 6161661
1128 2272 1220 2352 atquo

109 2372 289 2455 obsaepiant
303 2374 478 2452 transitum,
502 2373 541 2438 ad
556 2374 801 2439 immortalitatis
823 2374 965 2438 66661666
987 2375 1083 2440 nullis
1104 2374 1219 2457 poteris

109 2477 354 2541 contentionibus
368 2477 549 2558 praemium,
571 2477 631 2541 nisi
652 2477 732 2558 quod
746 2477 844 2559 ipsam
862 2477 1130 2542 immortalitatem
1144 2476 1219 2542 iacit

67 2578 232 2645 soCluisto
259 2579 452 2644 adtribuente
478 2576 483 2664 Ι
507 2580 674 2660 perceperis
705 2581 736 2644 61
757 2598 861 2643 ueram
890 2578 1157 2668 fueris-admissus
1180 2578 1305 2650 611691

108 2684 218 2748 uitam.
251 2701 324 2747 nam
350 2683 431 2764 quod
458 2682 546 2746 nobis
574 2681 724 2747 obiectare
758 2681 941 2763 consuestis,
974 2681 1127 2747 nouellam
1154 2698 1220 2747 6666

109 2785 291 2870 religionem
317 2787 455 2850 nostram
484 2787 515 2850 et
543 2785 613 2848 ante
641 2783 705 2849 1166
733 2784 839 2849 natam
865 2784 1083 2868 propemodum
1109 2801 1220 2868 paucos

110 2907 206 2970 neque
229 2905 282 2952 nos
304 2888 472 2972 oportuisse
494 2887 654 2968 antiquam
676 2887 707 2950 et
728 2887 861 2969 patriam
887 2887 1022 2968 linquere
1044 2885 1221 2950 6116166-

109 2992 199 3056 baros
218 2991 297 3054 ritus
312 2990 543 3073 peregrinosque
557 2989 686 3067 traduci,
708 2990 826 3054 ratione
841 2989 926 3053 istud
940 2988 1110 3054 intenditur
1124 2987 1219 3054 nulla.

72 3093 186 3176 sequid
216 3093 313 3171 enim,
347 3093 374 3156 si
395 3093 451 3158 hoc
472 3093 562 3157 modo
589 3093 711 3173 culpam
743 3094 874 3157 uelimus
902 3091 1042 3176 infligere
1067 3091 1220 3173 prioribus

110 3195 176 3259 illis
189 3196 280 3277 atque
294 3195 516 3277 antiquissimis
532 3194 672 3274 saeculis,
696 3195 775 3277 qnod
789 3195 923 3259 inuentis
939 3194 1078 3278 frugibus
1094 3194 1220 3278 glandes

110 3299 282 3380 spreuerint
303 3299 335 3363 et
356 3298 584 3380 repudiauerint
606 3299 732 3378 arbuta,
761 3299 841 3380 quod
862 3298 1027 3363 corticibus
1042 3295 1169 3381 'contegi
1190 3298 1221 3362 et

110 3401 231 3489 amiciri
252 3401 399 3466 desierint
419 3401 565 3484 pellibus,
593 3402 756 3484 postquam
777 3401 873 3466 uestis
896 3401 1067 3485 excogitata
1088 3401 1135 3465 est
1155 3402 1221 3466 tex-

109 3504 178 3570 tilis
200 3523 257 3570 usu
272 3509 302 3569 et
324 3504 539 3569 commoditate
561 3503 752 3590 succinctior,
774 3505 829 3568 aut
843 3504 923 3585 qnod
939 3503 1064 3568 structis
1079 3502 1221 3568 domibus

146 3776 313 3846 3666611616
332 3775 386 3830 Sub
487 3775 504 3829 5
520 3773 681 3828 uindemiam
701 3773 766 3828 Gal.-
788 3771 950 3826 uindemiam
968 3773 1022 3826 iarn
1039 3773 1067 3828 P
1166 3788 1222 3827 cae·

110 3879 196 3918 rerem
212 3864 240 3918 P
340 3861 356 3916 6
374 3859 548 3929 aescolapium
566 3859 593 3914 P
695 3859 869 3912 7661666666
886 3862 932 3925 (66
943 3874 976 3912 ecc
987 3861 1031 3928 6ο)
1048 3858 1076 3913 P
1172 3859 1190 3914 9
1206 3875 1224 3913 a

110 3949 189 4004 nobis
208 3949 275 4004 Sub.-
298 3947 406 4002 abonis
425 3947 451 4002 P
552 3961 568 3998 6
587 3944 641 4000 Sub
747 3945 781 3999 10
797 3943 990 4000 incolumitatis
1007 3945 1034 4000 P
1133 3944 1168 3997 12
1184 3943 1223 3998 16-

110 4046 187 4088 ”nam
204 4035 232 4089 P
333 4028 743 4088 1316661166666616661)
837 4029 1029 4099 engressusP
1129 4029 1162 4083 17
1179 4045 1224 4098 po

110 4123 233 4187 16616166,
251 4136 285 4174 66
298 4119 347 4174 Gal
446 4135 482 4172 ne
498 4117 622 4172 redeunti
634 4105 869 4170 Hildabraoeda'us:
887 4115 1009 4169 redeunti
1025 4115 1052 4170 P
1152 4115 1223 4172 sedo-

112 4206 174 4261 unti
190 4223 223 4260 ne
240 4205 316 4260 Salen
450 4205 484 4258 18
501 4202 639 4272 obsepiant
656 4203 682 4254 P
814 4200 847 4254 19
865 4201 950 4270 ipsam
968 4200 1035 4255 Sub:
1060 4201 1118 4270 1666
1130 4200 1157 4255 P

111 4293 147 4348 23
158 4308 204 4348 nos
217 4291 267 4347 Get
367 4290 513 4360 oportuisse
523 4289 635 4357 scripsi:
646 4287 763 4356 potuisse
774 4287 802 4340 P
902 4287 934 4352 21
947 4287 1118 4356 spreneurint
1130 4287 1158 4340 P

111 4377 207 4432 arbuta
225 4377 294 4433 sao:
311 4375 420 4431 arbusta
436 4375 463 4430 P
