2950 5006
615 446 713 500 Liber
730 445 767 500 II.
1201 452 1244 519 55

134 617 380 701 conprehenditis
405 617 545 684 millibus
567 619 748 684 credulitate
773 619 958 685 adseueratis
980 620 1071 700 duce,
1094 639 1244 704 quaenam

9 731 10 734 ’
133 721 208 786 haec
229 725 276 787 est
303 721 451 786 iudicatio
478 724 543 786 tam
572 720 702 800 iniusta,
729 723 765 786 ut
786 724 921 787 nestram
949 722 1113 788 derideatis
1140 723 1242 803 fidem,

133 843 322 907 quamquam
336 841 400 888 uos
420 824 530 890 babere
559 823 734 907 conspicitis
760 826 896 889 nostram
924 824 1137 891 credulitatem
1160 845 1243 892 ccm-
1340 895 1343 902 ,

132 930 280 997 munem?
313 926 367 992 sed
389 925 578 1010 sapientibus
600 945 654 992 uos
675 927 752 991 uiris
779 926 978 1009 omnibusque
999 927 1158 992 instnrctis
1179 928 1242 994 dis·

112 1030 316 1111 sciplinarum
343 1029 506 1114 generibus
534 1029 665 1094 creditis.
694 1047 803 1111 nempe
829 1028 909 1107 illis,
933 1029 986 1111 qui
1007 1028 1086 1094 nihil
1108 1029 1243 1094 sciscunt

85 1217 87 1222 ,
132 1151 189 1198 uec
210 1134 410 1214 pronuntient
430 1151 542 1211 11111,
573 1133 626 1214 qni
647 1151 702 1213 pre
723 1132 788 1196 suis
809 1132 970 1197 sententiis
993 1132 1075 1196 belle
1096 1151 1165 1196 enm
1187 1132 1241 1197 11-

94 1242 106 1262 ⁰
132 1233 327 1300 uersantibus
349 1237 510 1299 conserunt
531 1237 562 1300 et
576 1235 745 1317 peruicacia
764 1252 883 1316 semper
898 1233 1107 1318 digladientur
1124 1233 1241 1313 hostili,

133 1337 187 1420 qni
219 1356 289 1402 eum
321 1337 399 1402 alter
433 1336 559 1402 alterius
590 1336 778 1410 labefaciant
814 1337 975 1401 destruunt
1008 1337 1242 1418 conuelluntqus

132 1441 265 1518 decreta,
288 1443 398 1505 cuncta
418 1439 535 1504 ineerta
556 1438 691 1504 iecerunt
713 1457 767 1503 nee
789 1455 876 1521 posse
893 1438 1010 1520 aliquid
1032 1440 1103 1504 sciri
1125 1458 1159 1504 er
1174 1440 1242 1523 ipsa

97 1542 319 1608 redissensions
339 1544 558 1607 monstrarunt.
591 1544 644 1606 sed
668 1540 807 1606 officiant
828 1541 903 1606 haec
922 1542 1001 1606 nibil
1022 1543 1160 1624 nihilque
1181 1543 1241 1606 im·
1254 1543 1290 1607 ll

133 1645 281 1728 pediant‚
299 1629 485 1728 'plurimum
520 1645 682 1727 quominus
718 1644 763 1709 eis
800 1646 919 1710 credere
955 1648 1046 1728 atque
1075 1644 1245 1710 auscultare

133 1747 285 1814 debeatis:
319 1748 351 1812 et
364 1741 447 1830 'quid
468 1747 530 1826 est,
563 1748 643 1829 qued
665 1746 697 1812 in
720 1746 776 1812 bac
803 1749 888 1830 parte
915 1747 970 1812 aut
1000 1766 1054 1813 uos
1076 1748 1244 1830 plurimum

133 1852 273 1918 babeatis
295 1853 349 1915 aut
368 1867 423 1916 nos
437 1849 564 1916 minue?
586 1868 640 1916 uos
654 1849 787 1928 Platoni,
811 1849 998 1930 1111111111,
1022 1869 1078 1915 uos
1093 1849 1244 1916 Numerio

133 1955 185 2019 uel
206 1955 256 2020 cui
277 1952 410 2018 libuerit
427 1953 568 2018 ceditis:
590 1970 645 2018 nos
660 1943 812 2017 credimus
828 1951 859 2016 et
873 1952 1098 2034 adquiescimus
1113 1951 1243 2018 Christo.

98 2057 281 2139 1111111111
303 2055 377 2121 haec
398 2056 512 2138 quanta
533 2059 594 2135 est,
623 2058 660 2120 ut
682 2073 752 2119 cum
779 2054 901 2136 utrique
929 2054 1103 2121 auctoribus
1124 2057 1242 2121 stemus

133 2160 235 2241 sitque
262 2159 349 2224 nobis
371 2159 403 2221 et
424 2140 511 2222 uobis
538 2177 635 2224 unum
662 2157 831 2223 standum
859 2155 996 2236 credere,
1024 2157 1111 2224 uobis
1137 2143 1244 2223 uelitis

133 2262 200 2328 dari
222 2263 302 2344 qued
322 2262 368 2327 ita
389 2263 427 2328 ab
450 2262 515 2327 illis
538 2261 659 2326 dicatur
678 2261 828 2346 accipere,
851 2279 906 2328 nus
928 2281 964 2328 ea
986 2279 1063 2344 quas
1084 2261 1242 2343 proferun-

132 2369 186 2432 tur
207 2384 225 2430 a
246 2365 369 2431 Christe
394 2364 399 2451 Ι
424 2367 530 2432 audire
557 2367 589 2430 et
620 2369 756 2448 spectare
788 2365 915 2441 uelitis?
949 2366 1056 2447 atquin
1083 2368 1110 2430 si
1137 2384 1244 2430 causes
1253 2378 1272 2430 f.
1282 2380 1314 2429 ea

132 2470 243 2549 111111,
265 2469 368 2552 partes
390 2468 532 2552 partibus
553 2468 741 2534 uoluerimus
756 2486 895 2551 aequare,
919 2468 1019 2554 magis
1033 2486 1088 2535 nos
1103 2469 1243 2535 ualemus

97 2574 301 2652 appetendam,
323 2573 397 2656 quid
419 2576 449 2638 in
465 2571 584 2638 Christe
606 2571 754 2638 fuerimus
773 2575 871 2639 secuti
893 2592 986 2656 quam
1011 2573 1044 2637 in
1058 2573 1244 2656 pbilosophis

3 2681 4 2684 ’
129 2677 207 2759 ‚quid
226 2669 290 2741 uos'.
326 2695 361 2742 ac
382 2694 436 2742 nes
465 2676 587 2759 quidem
615 2675 727 2742 inille
761 2677 858 2743 secuti
891 2677 966 2742 haec
998 2693 1119 2741 sumus:
1153 2693 1245 2758 opere

132 2779 216 2844 illins
242 2779 405 2864 magnifica
431 2778 719 2862 potentissimasque
747 2780 893 2859 uirtutes,
928 2797 1003 2861 ques
1030 2779 1125 2843 uariis
1139 2778 1244 2866 *edidit

133 2883 331 2966 exhibuitque
358 2883 531 2962 miraculis,
565 2883 675 2965 quibus
706 2882 807 2965 quinis
833 2887 935 2965 posset
964 2886 1002 2948 ed
1029 2883 1244 2948 necessitatem

133 2987 324 3052 credulitatis
346 2986 455 3052 adduci
477 2986 508 3050 st
534 2986 669 3051 indicare
695 2985 840 3065 fideliter,
870 3003 928 3050 non
950 3004 1014 3051 esse
1037 3003 1114 3068 quae
1136 2986 1244 3051 tierent
1270 2987 1273 2996 '

96 3089 267 3156 1111111111
289 3089 342 3154 sed
369 3089 491 3153 dininas
518 3089 647 3154 alicuius
676 3090 768 3170 atque
789 3090 960 3172 incognitae
981 3090 1153 3171 potestatis.
1188 3107 1243 3176 uos

134 3193 166 3256 in
188 3191 375 3274 philospphis
405 3191 535 3256 uirtutes
564 3193 663 3256 secuti
690 3209 765 3273 quas
794 3190 882 3270 estis,
912 3194 947 3256 ut
975 3192 1075 3275 magis
1104 3205 1158 3256 ncs
1180 3190 1243 3256 illis

133 3312 228 3377 quarn
248 3311 304 3360 nes
325 3291 448 3359 Christo
469 3295 638 3376 oportuerit
659 3293 801 3359 credere?
822 3296 1023 3376 quisquamne
1037 3293 1162 3358 illorum
1185 3294 1243 3358 111-

133 3399 255 3481 quande
276 3397 368 3462 uerbo
388 3414 447 3462 nno
468 3398 571 3479 potuit
593 3397 647 3462 eut
668 3398 759 3462 nnius
780 3396 901 3478 imperii
922 3395 1053 3460 iussione
1067 3412 1127 3460 non
1142 3396 1243 3461 dicam

170 3687 186 3738 1
203 3685 312 3739 milibus
330 3683 358 3737 P
468 3683 485 3737 3
502 3697 659 3751 quamquam
678 3683 789 3751 scripsi:
814 3697 893 3752 quarn
912 3683 940 3737 P
1053 3685 1170 3738 nostram
1188 3699 1243 3738 cre-

134 3768 399 3838 dulitatem'eeripei:
417 3771 508 3822 nestra
523 3766 721 3822 incredulitate
732 3767 760 3821 P
772 3769 864 3822 nostra
880 3783 939 3822 cum
952 3768 1107 3823 credulitate
1124 3768 1176 3823 Ure

134 3854 259 3924 taliquit
270 3855 298 3910 P
309 3869 371 3909 cerr
476 3853 664 3909 1011111111
677 3853 704 3906 P
812 3847 930 3908 efficiant
944 3853 999 3908 sac
1070 3869 1076 3876 ·
1101 3854 1169 3907 nibil
1186 3853 1243 3908 add

133 3941 275 3996 Macram
376 3939 510 4007 nihilquae
527 3938 554 3991 P
567 3953 628 3992 cerr
729 3937 886 3993 11111111
909 3940 960 3994 Ure
1061 3939 1155 3994 cronio
1176 3940 1242 3994 Ure.-
1261 3941 1262 3945 ’

132 4027 251 4096 crotpnio
268 4025 296 4079 P
415 4026 447 4079 15
464 4023 583 4091 utrisque
603 4024 655 4077 Sub
770 4027 869 4078 stemus
886 4025 974 4093 sitque
994 4025 1059 4080 Get.-
1085 4029 1188 4094 tempus
1206 4025 1243 4080 ait

132 4128 201 4182 qnae
217 4112 245 4166 P
343 4112 374 4164 11
394 4110 510 4164 dicatur:
527 4109 643 4177 accipere
663 4108 714 4164 611
814 4125 861 4163 111
878 4109 941 4172 Get:
959 4125 1005 4164 ucs
1017 4110 1045 4164 P
1147 4112 1179 4166 18
1196 4111 1241 4166 ad-

132 4199 198 4268 quin
215 4197 243 4251 P
349 4197 383 4250 20
400 4194 478 4250 sicuti
495 4193 523 4247 P
536 4209 597 4248 cerr
706 4193 841 4264 philosofia
859 4195 886 4248 P
989 4195 1023 4248 22
1039 4195 1114 4250 illius
1131 4198 1242 4265 scripsi.-

130 4284 176 4340 illi
187 4285 215 4339 P
231 4283 280 4338 illa
292 4282 346 4338 Sub
357 4285 388 4336 11
400 4298 444 4337 err
544 4279 808 4348 potentissimssqnae
825 4280 921 4334 Pecrr
1022 4280 1055 4335 28
1073 4297 1141 4335 nnus
1153 4281 1207 4337 Sub
