2888 5008
228 485 291 550 224
528 479 675 536 Arnobii
698 481 858 536 aduersus
878 481 1036 536 nationes

229 658 327 720 certos
349 651 428 716 ferat
449 651 605 718 fabrorum
628 652 814 718 liberalitate
836 653 972 718 donatos.
995 668 1064 716 ecce
1079 651 1106 716 si
1121 651 1234 733 aliquis
1249 650 1344 715 uobis

229 756 433 824 nescientibus
457 757 488 820 ct
511 755 626 839 ignaris
648 775 701 821 rex
722 755 857 821 urbanus
880 758 910 820 et
933 754 1065 820 callidus
1087 771 1123 818 ex
1138 753 1254 819 loribus
1279 755 1347 818 suis

230 860 332 927 Solem
353 858 445 925 tollat
460 860 491 924 et
506 858 539 923 in
553 859 698 925 Mercurii
719 859 884 924 transferat
899 858 1011 942 sedem,
1034 857 1221 924 Mercurium
1236 877 1348 924 rursus

229 963 358 1046 arripiet
379 963 473 1044 etque
493 963 526 1026 in
547 961 627 1028 Solis
649 962 744 1028 faciet
765 963 967 1046 commigrare
983 961 1144 1026 delubrum
1160 999 1200 1008 —
1215 966 1349 1044 uterque

230 1067 311 1131 enim
333 1085 351 1130 a
374 1064 462 1129 uobis
483 1064 589 1149 glaber
611 1067 704 1148 etque
725 1085 776 1132 ore
792 1066 997 1150 compingitur
1011 1064 1073 1130 leui
1087 1101 1130 1112 —
1144 1065 1256 1147 detque
1272 1066 1350 1132 huic
1372 1089 1381 1127 s

230 1169 349 1253 redies,
383 1167 462 1234 Solis
495 1169 590 1250 capiti
619 1168 852 1252 petasunculum
880 1168 1078 1252 superponat:
1112 1169 1349 1251 quibusmodis

229 1273 431 1337 intumescere
454 1271 607 1354 poteritis,
629 1274 777 1338 utrumne
799 1271 851 1339 Sol
872 1273 932 1338 iste
954 1273 996 1337 sit
1017 1291 1057 1338 en
1079 1271 1135 1338 ille
1161 1272 1346 1350 Mercurius,

230 1394 301 1441 cum
328 1374 451 1440 habitus
479 1374 566 1440 uobis
592 1379 678 1454 deos,
708 1395 767 1441 non
796 1376 857 1441 oris
879 1375 977 1441 soleat
997 1377 1166 1458 proprietas
1188 1377 1372 1442 indicam?-
1434 1371 1435 1374 ’

231 1477 382 1542 consimili
410 1495 514 1542 rursus
542 1478 743 1544 translatione
770 1479 797 1543 si
819 1479 899 1544 nudo
921 1479 988 1543 Ioui
1016 1496 1128 1544 cornua
1150 1479 1296 1546 detrahet
1318 1485 1350 1544 et

231 1580 341 1648 Martis
363 1581 550 1662 temporibus
573 1581 696 1665 adfigat,
719 1581 852 1648 Martem
874 1581 970 1646 armis
993 1582 1104 1664 spoliet
1125 1582 1156 1646 et
1176 1582 1226 1648 his
1240 1603 1382 1648 rursusne

231 1683 453 1748 circumcludat
467 1684 686 1750 Hammonem:
710 1685 916 1750 interstinctio
937 1684 1001 1749 lieri
1017 1703 1093 1767 queo
1108 1686 1222 1768 poterit
1240 1685 1350 1771 singu-
1435 1723 1436 1744 t

232 1788 346 1865 lorum,
377 1805 447 1852 oum
475 1789 527 1870 qui
555 1787 696 1873 Iuppiter
715 1787 817 1854 fueret
846 1788 927 1854 idem
954 1789 1051 1870 possit
1073 1788 1242 1853 existimari
1263 1790 1351 1855 Mars

233 1907 298 1955 esse
330 1890 441 1971 etqui
470 1890 594 1956 Mauors
628 1889 730 1956 lueret
761 1889 945 1956 subintroire
978 1890 1108 1972 speciem
1135 1890 1220 1957 Iouis
1250 1894 1351 1975 possit

232 1993 439 2058 Hammonis?
472 2012 567 2076 usque
594 1995 668 2060 adeo
695 1994 788 2058 ludus
815 1994 862 2058 est
889 1992 1055 2058 simulacre
1083 1993 1145 2058 ista
1166 1995 1350 2078 confingere,

233 2095 357 2160 nomine
377 2096 442 2161 illis
464 2099 623 2180 tamquam
644 2097 766 2180 proprie
788 2096 935 2174 dedicere,
958 2097 1069 2178 quibus
1092 2098 1118 2161 si
1138 2095 1281 2163 habitum
1297 2101 1380 2164 des

234 2201 346 2279 trahes,
369 2201 499 2266 tollatur
521 2203 654 2286 cognitio
677 2200 880 2286 singulorum,
903 2202 978 2266 deus
1000 2220 1054 2284 pro
1077 2199 1132 2266 deo
1155 2200 1248 2279 credi,
1271 2201 1350 2266 alter

236 2304 334 2370 uideri
355 2323 409 2386 pro
430 2305 537 2390 altero,
560 2305 656 2371 immo
677 2323 732 2388 pro
755 2305 884 2386 utroque
906 2306 1034 2386 uterque
1047 2304 1146 2384 possit
1161 2305 1350 2371 existimari.

188 2408 287 2479 lesed
310 2409 385 2491 quid
406 2426 461 2493 ego
484 2409 532 2474 dis
555 2410 643 2474 detes
665 2409 760 2474 falces
783 2411 815 2473 et
836 2407 969 2473 fuscinae
996 2407 1096 2486 rideo,
1126 2409 1200 2489 quid
1229 2427 1350 2486 cornua,
1437 2415 1438 2440 ¹

29 2515 36 2534 '
149 2511 244 2598 raas!
270 2513 397 2578 melleos
419 2517 449 2578 et
471 2515 599 2596 galeros,
622 2532 692 2578 cum
714 2514 877 2578 simulacra
899 2512 1049 2595 quaedem
1078 2512 1174 2578 seium
1197 2513 1353 2576 certorum

236 2615 315 2681 ferre
346 2617 506 2682 hominum
534 2615 647 2680 formes
677 2616 708 2680 et
733 2615 898 2680 infamium
926 2614 1107 2680 liniamenta
1129 2616 1385 2681 meretricumPrr

237 2718 305 2800 quis
327 2721 374 2784 est
396 2718 477 2783 enim
500 2719 554 2799 qui
576 2718 697 2802 ignoret
718 2717 919 2784 Athenienses
939 2717 1012 2782 illos
1033 2717 1165 2782 Hermes
1182 2716 1353 2786 Alcibiadii

237 2822 276 2887 ad
305 2823 436 2904 corporis
464 2820 699 2886 similitudinem
727 2821 913 2886 fabricatos?
945 2821 1013 2902 quis
1040 2820 1214 2885 Praxitelen
1242 2821 1353 2898 nescit,

238 2924 396 3006 Posidippi
411 2924 439 2989 si
454 2923 570 3009 releget
583 2959 610 3003 e,
634 2924 673 2989 ad
693 2923 825 2989 formem
840 2923 981 2990 cratinae
996 2923 1175 3001 meretricis,
1198 2941 1292 3005 quem
1307 2925 1354 2988 in-

238 3027 312 3093 felix
333 3029 450 3110 perdite
472 3027 634 3111 diligebat,
657 3045 690 3092 os
711 3026 839 3092 Veneris
862 3025 987 3092 Gnidiae
1009 3029 1030 3107 t
1053 3026 1263 3092 sollertiarum
1285 3045 1355 3092 coe-

239 3130 320 3214 gisse
341 3131 532 3196 certamine?
555 3131 608 3196 scd
631 3130 696 3195 sola
719 3131 766 3196 est
787 3130 862 3196 haee
878 3129 989 3209 Venus,
1012 3129 1063 3196 oui
1084 3129 1121 3195 de
1144 3129 1237 3195 scorti
1260 3131 1353 3194 uultu
1364 3155 1387 3195 rr
1438 3149 1439 3156 ¹

239 3233 465 3298 translaticium
487 3233 579 3298 decus
602 3235 727 3299 auctum
750 3235 819 3298 est?
845 3233 968 3316 Phryne
990 3232 1047 3298 ille
1070 3231 1250 3315 Thespiaca,
1274 3232 1355 3297 sicut

240 3336 289 3401 illi
310 3335 445 3402 referunt
467 3336 520 3419 qui
542 3337 668 3422 negotia
682 3337 849 3418 Thespiaca
869 3336 1098 3419 scriptitarunt,
1123 3354 1193 3401 cum
1214 3335 1249 3400 in
1264 3354 1354 3401 cecu-

240 3440 322 3506 mine
344 3441 409 3524 ipso
428 3439 509 3506 esset
522 3439 748 3523 pulcritudinis,
772 3438 943 3504 uenustetis
965 3439 997 3504 et
1015 3438 1108 3518 floris,
1132 3437 1355 3520 exemplarium

240 3543 334 3608 fuisse
360 3543 537 3626 perhibetur
565 3543 744 3608 cunctarum
771 3541 907 3624 quaein
934 3540 1074 3625 opinione
1105 3543 1177 3606 sunt
1199 3541 1354 3605 Venenum

342 3651 375 3705 21
392 3667 448 3721 sqq.
469 3651 488 3705 l.
507 3667 529 3705 c.
545 3652 571 3718 4,
588 3653 622 3707 53

275 3747 291 3800 6
317 3747 518 3815 petasunculum
541 3745 610 3801 Sub:
633 3746 824 3816 petesioculum
842 3746 869 3800 P
1003 3745 1036 3799 11
1063 3744 1246 3798 interstinctio
1273 3745 1357 3798 ‘ulios‘

240 3833 378 3901 compsisse
396 3832 462 3888 dicit
483 3832 614 3887 Orelliue:
640 3833 788 3887 interstitio
806 3832 834 3886 P
969 3831 1002 3885 15
1018 3831 1129 3884 numine
1146 3830 1288 3884 Modestus

241 3920 274 3975 18
296 3918 348 3974 diis
366 3935 380 3974 c
503 3919 537 3972 20
553 3919 623 3974 ferre
639 3919 749 3988 scripsi.-
775 3935 831 3973 esse
848 3918 875 3972 P
998 3917 1155 3970 liniamenta
1179 3916 1247 3970 aab:
1272 3917 1357 3970 lanie-

242 4007 332 4059 ments
348 4007 375 4058 P
484 4006 518 4060 21
535 4004 679 4062 Alcibiadii
695 4005 808 4072 scripu:
831 4002 955 4058 alcibiadi
972 4003 1000 4057 P
1018 4002 1165 4057 Alcibiadis
1184 4003 1239 4056 Sub
1255 4000 1357 4055 alcibi-

243 4092 302 4145 adei
319 4092 396 4147 Sulm
517 4092 551 4147 23
568 4092 741 4160 Posidippum
763 4090 812 4145 eet
935 4090 1035 4158 releget
1053 4088 1121 4144 Sub:
1145 4087 1245 4158 religat
1262 4087 1290 4142 P

243 4181 370 4234 lacunam
391 4180 517 4250 uocaui:
547 4177 672 4233 Gnidiace
694 4176 862 4232 intercidisse
885 4175 997 4230 uidear
1138 4173 1261 4228 (trutinae
1291 4172 1356 4227 Urs.-

243 4253 405 4336 gretinaeP
499 4266 533 4319 24
550 4263 664 4334 pedites
677 4263 704 4317 P
796 4263 898 4316 cnidiae
909 4278 938 4315 r:
956 4261 1058 4315 cindiee
1069 4260 1097 4315 P
1113 4259 1220 4328 gnidiee
1233 4259 1288 4314 Sub

244 4351 346 4406 sollerti
358 4352 470 4405 alierum
489 4351 541 4406 Urs
637 4349 670 4402 26
683 4350 789 4402 auctum
801 4346 871 4403 Sub.-
888 4349 978 4401 ectum
988 4347 1015 4400 P
1110 4345 1233 4414 Phrynae
1249 4345 1289 4399 etc
1301 4344 1356 4399 Sao

243 4439 275 4491 ira
292 4453 352 4492 err:
368 4437 510 4506 phyrneP
526 4435 633 4505 Phyme
650 4435 704 4489 dab
816 4433 848 4487 27
867 4432 974 4502 negotia
990 4432 1098 4486 aestuat
1120 4429 1174 4486 Urs
1282 4445 1355 4485 caen

244 4523 315 4578 mine
333 4523 490 4577 Putecnus:
508 4521 628 4576 acumine
645 4521 673 4576 P
690 4520 805 4575 culmine
828 4519 879 4574 Urs
927 4567 932 4574 .
973 4511 976 4518 ’
