2950 5006
301 509 343 576 24
399 519 402 529 “
613 503 755 560 Arnobii
772 505 932 560 aduersus
949 502 1102 557 nationes

300 715 426 764 ouomm
448 694 606 780 progenies
637 693 681 758 dii
704 691 794 777 Syri?
826 690 903 774 Apis
930 689 1129 774 Peloponensi
1157 689 1346 773 prodiisset
1372 688 1404 752 in

298 799 439 886 Aegypto
463 799 583 883 Serapis
616 797 829 880 nuncupatus?
863 795 1052 880 Aethiopicis
1080 793 1195 860 solibus
1223 793 1282 858 Isis
1314 791 1403 857 furna

299 923 435 971 maerens
456 902 609 988 perditum
631 902 731 967 filium
753 902 784 966 et
798 899 994 967 membratim
1010 899 1172 983 coniugem
1193 895 1404 976 lancinatum?

297 1008 495 1092 praeterimus
517 1008 549 1073 et
570 1005 808 1090 transgredimur
824 1005 898 1088 Opis
914 1004 1035 1070 suboles
1049 1003 1158 1087 regias,
1182 1017 1256 1084 quas
1271 1000 1303 1064 in
1318 999 1404 1064 libris

296 1110 432 1174 auctores
454 1107 550 1173 uestri
572 1125 648 1188 quae
670 1105 786 1172 fuerint
807 1105 838 1171 st
859 1104 963 1187 quales
996 1103 1084 1169 uobis
1110 1087 1315 1170 ediscentibus
1335 1121 1429 1185 pro-,s

297 1211 454 1277 dideramt:
477 1209 549 1276 hine
571 1228 642 1295 ergo
664 1208 821 1275 Christum
844 1209 903 1274 ooli
926 1209 956 1274 et
979 1228 997 1274 a
1019 1208 1105 1272 nobis
1128 1206 1223 1291 accipi
1246 1208 1278 1273 et
1300 1206 1404 1272 eristi-

296 1315 375 1380 mari
396 1332 451 1396 pro
472 1313 597 1380 numine
618 1313 789 1380 numeratis
811 1311 966 1396 accipiunt
986 1312 1127 1391 auribus,
1150 1314 1182 1378 et
1202 1311 1292 1378 obliti
1314 1311 1407 1394 paulo

296 1419 365 1484 anto
387 1416 477 1482 sortis
492 1416 609 1482 fuerint
630 1416 662 1482 et
677 1415 861 1482 condicionis
883 1416 977 1493 cuiue,
1000 1415 1031 1480 id
1053 1413 1133 1498 quod
1148 1414 1208 1480 sibi
1230 1432 1406 1482 concessum

295 1523 342 1586 est
364 1519 504 1603 inpertiri
525 1520 615 1587 alteri
643 1519 774 1586 nolunt?
795 1520 868 1585 haec
882 1521 930 1585 eet
944 1517 1064 1584 iustitia
1078 1518 1234 1596 caelitum,
1256 1519 1313 1584 hoo
1335 1517 1406 1583 deo·

295 1642 364 1688 rum
386 1622 534 1689 iudicium
562 1623 724 1690 sanctum?
756 1641 853 1690 nonne
875 1623 958 1689 istud
980 1622 1086 1688 liuoris
1109 1623 1154 1688 est
1181 1623 1272 1704 atque
1302 1623 1440 1688 anari-uc

294 1726 355 1792 tiae
382 1729 493 1810 genus,
527 1744 586 1792 non
618 1726 799 1794 obtrectatio
828 1728 976 1811 quaedam
1003 1727 1142 1804 sordens,
1175 1743 1246 1791 suas
1274 1727 1407 1792 eminere

294 1828 507 1896 tantummodo
528 1830 609 1896 nelle
624 1830 769 1909 fortunas,
792 1830 922 1896 aliorum
943 1849 992 1896 res
1006 1829 1104 1912 premi
1126 1830 1157 1895 et
1177 1829 1210 1894 in
1232 1829 1407 1910 contempta

245 1932 472 2000 ithumilitate
495 1933 628 1998 calcarit
659 1934 767 1999 natum
789 1933 943 2000 homiuem
966 1933 1103 1998 colimus.
1140 1931 1214 2014 quid
1237 1932 1407 2009 animnos

294 2035 449 2101 hominem
476 2037 597 2102 nullum
626 2036 727 2104 colitis
754 2038 885 2102 natum?
916 2054 977 2101 non
1013 2055 1109 2102 unum
1137 2037 1168 2100 et
1196 2035 1313 2100 alium?
1346 2052 1407 2100 non

294 2139 468 2205 innumeros
501 2139 599 2206 alios?
633 2139 801 2223 quinimmo
833 2159 892 2207 non
929 2158 1048 2220 omnes,
1082 2156 1156 2223 quos
1189 2139 1252 2203 iam
1282 2139 1443 2220 templisn¹

179 2265 181 2269 ·
292 2239 413 2305 habetis
436 2241 564 2324 uestris,
597 2241 776 2306 mortalium
798 2239 968 2306 sustulistis
995 2258 1031 2305 ex
1051 2257 1177 2306 numero
1204 2242 1236 2306 et
1258 2241 1341 2308 caelo
1364 2241 1407 2306 si-

293 2341 475 2426 deribusque
495 2343 654 2410 donastis?
687 2343 714 2408 si
736 2343 817 2408 enim
848 2344 927 2409 forte
959 2362 1012 2409 uos
1034 2344 1129 2428 fugit,
1163 2344 1254 2409 sortis
1276 2362 1326 2410 eos
1348 2345 1409 2414 hu·

200 2465 219 2518 f,
237 2465 281 2519 13¹1
295 2463 401 2518 manae
423 2447 454 2512 et
476 2445 659 2512 condicionis
678 2445 682 2532 Ι
702 2447 796 2512 fuisse
811 2446 991 2526 communis,
1013 2446 1160 2531 replicate
1175 2447 1409 2531 antiquissimas

291 2547 413 2614 litteras
434 2549 466 2612 ot
487 2567 591 2616 sorum
619 2549 734 2634 scripta
760 2548 927 2633 percurrite
959 2550 1012 2632 qui
1034 2551 1183 2616 uetustati
1215 2551 1311 2619 uicini
1341 2552 1409 2619 sino

291 2651 366 2718 ullis
387 2652 650 2720 adsentationibus
683 2654 791 2718 cuncta
823 2654 952 2720 uantato
978 2653 1012 2718 in
1044 2654 1162 2738 hquida
1179 2655 1405 2746 prodiderunt.
1420 2678 1442 2717 a

289 2753 354 2820 iam
374 2755 509 2838 profecto
530 2756 664 2836 discetis,
687 2757 799 2839 quibus
813 2757 927 2842 singuli
942 2757 1091 2840 patribus,
1115 2757 1226 2840 quibus
1248 2758 1404 2826 matribus

290 2857 407 2925 fnennt
427 2861 586 2942 procreati,
610 2879 670 2942 qua
690 2859 790 2926 innati
811 2861 943 2945 regione,
964 2879 1024 2944 qua
1045 2861 1145 2946 gente,
1170 2881 1248 2944 quaa
1270 2860 1414 2947 iecerint,

293 2961 411 3047 egerint
432 2962 615 3044 pertulerint
635 2963 811 3043 actitarint,
844 2983 919 3047 quas
949 2964 982 3030 in
1004 2964 1094 3031 rebus
1121 2964 1269 3031 obeundis
1291 2953 1413 3031 adcor-¹

239 3073 241 3077 '
290 3085 394 3134 sorum
416 3066 566 3134 senserint
588 3068 881 3151 secundantiumque
902 3068 1050 3134 fortunas.
1073 3068 1247 3150 sinautem
1269 3069 1408 3136 scientes

290 3169 391 3246 uteris
408 3185 473 3245 esse
493 3169 628 3256 gestatos
656 3173 688 3238 et
715 3171 855 3256 frugibus
882 3190 932 3238 sos
954 3171 1112 3240 uictitasse
1134 3172 1262 3252 terronis
1289 3172 1409 3253 nihilo-
1422 3194 1444 3234 a

289 3274 391 3339 minus
413 3273 516 3340 tamen
537 3275 624 3342 nobis
646 3275 713 3342 nati
734 3274 867 3341 hominis
889 3275 1047 3347 obiectatis
1069 3276 1204 3356 cultum,
1237 3293 1285 3340 res
1308 3276 1410 3360 agitis

289 3377 366 3444 satis
387 3377 529 3459 iniustas,
552 3381 587 3445 ut
608 3379 641 3444 id
662 3379 696 3446 in
716 3379 803 3445 nobis
824 3379 1020 3445 constituatis
1042 3397 1106 3446 esse
1128 3378 1301 3446 damnabile
1323 3385 1411 3462 quod

288 3481 319 3548 et
339 3481 400 3564 ipsi
419 3501 473 3547 uos
493 3481 653 3564 factitatis,
676 3484 730 3549 aut
745 3501 823 3566 quac
843 3481 930 3550 uobis
951 3483 1042 3574 licere
1057 3481 1241 3579 permittitis
1257 3483 1411 3550 consimi-

240 3585 360 3652 ashur
376 3585 446 3652 aliie
461 3586 584 3651 licitum
598 3604 663 3653 osse
676 3587 793 3652 nolitis.
817 3586 871 3654 sod
885 3586 1085 3652 concedamus
1105 3575 1260 3669 intepdum
1275 3604 1413 3652 manum

183 3677 186 3686 ¹
289 3689 401 3756 uostris
423 3689 648 3772 opinationibus
670 3691 795 3770 dantes,
828 3709 923 3755 unum
945 3687 1103 3755 Christum
1126 3689 1220 3756 fuisse
1242 3688 1280 3754 do
1301 3690 1409 3770 nobis,
1425 3727 1446 3767 ³,

289 3793 402 3859 montis
425 3791 543 3858 animas
565 3792 698 3879 corporis
719 3792 898 3880 tragilitatis
921 3791 1151 3864 stoondioionis
1172 3793 1278 3859 unius:
1302 3811 1413 3859 nonne

323 4063 475 4136 ltpriapis
494 4066 549 4122 Sat
617 4051 729 4120 armai
743 4080 818 4122 erens
836 4068 961 4125 Poorro
1028 4067 1127 4139 40pis
1140 4043 1289 4138 1111εό111
1307 4069 1338 4123 P

287 4153 305 4207 5
327 4149 500 4221 prodiderunt
520 4151 583 4207 Gal.-
601 4149 766 4221 prodiderint
783 4153 812 4208 P
939 4155 956 4208 6
973 4153 1035 4208 hine
1052 4154 1200 4210 docteres:
1226 4155 1290 4210 hinc
1307 4155 1338 4209 P

288 4239 321 4294 10
339 4237 433 4294 liboris
451 4239 479 4294 P
585 4238 620 4293 12
636 4237 738 4307 praemi
754 4238 781 4293 P
883 4241 916 4294 18
934 4239 1095 4295 conditionis
1113 4241 1215 4296 Pcorr
1317 4245 1410 4313 repli-

288 4325 347 4380 cate
364 4325 392 4380 P
471 4325 504 4380 19
521 4323 654 4378 uetustati
671 4323 741 4380 Sub.-
759 4319 895 4382 uetustate
913 4326 941 4380 P
1019 4325 1053 4380 22
1070 4326 1099 4380 in
1117 4327 1176 4381 nati
1194 4325 1332 4382 0111111111

288 4411 322 4466 23
339 4425 369 4466 ao
386 4411 529 4474 tolerarint
541 4409 722 4480 Woplaaeacs
822 4413 856 4468 24
873 4410 1167 4482 secundantiumqueP
1263 4412 1412 4471 251111111-

287 4497 412 4554 hominus
429 4498 457 4551 P
556 4497 741 4553 2611111111
759 4497 813 4554 Scb
913 4497 1027 4552 hominis
1045 4498 1114 4553 dab.-
1131 4497 1252 4554 homines
1270 4497 1298 4552 P
