2950 5006
567 483 666 538 Liber
684 483 704 538 L
1157 485 1193 550 19

71 655 116 719 lis
145 655 330 720 sublimibus
361 656 434 720 sunt
465 655 548 720 elata
575 654 725 738 fastigiis:
763 656 855 721 silent
888 655 1000 720 inrisae
1029 656 1192 722 numinum

70 757 243 840 potestates
275 777 330 823 nec
363 754 460 823 liuore
493 757 670 823 efficiuntur
697 759 776 835 ullo,
810 761 889 842 quod
921 758 981 823 sibi
1003 761 1192 841 comparatas

71 862 282 927 animantium
311 861 423 926 uilium
453 861 645 945 conspiciunt
672 863 862 928 sanctitates.
899 863 987 928 nobis
1016 862 1089 927 solis
1119 863 1193 927 sunt

70 965 209 1043 inimici,
241 965 327 1030 nobis
356 965 515 1047 asperrimi
545 965 588 1030 dii
618 965 737 1056 hostes,
768 965 841 1048 quia
869 967 988 1049 patrem
1010 981 1191 1030 ueneremur

48 1056 218 1147 ciliorum,¹
248 1087 302 1150 per
325 1087 429 1151 quem,
465 1068 491 1132 si
514 1069 602 1148 sunt,
636 1087 702 1134 esse
724 1071 755 1134 ct
776 1069 886 1134 habere
916 1047 1121 1134 substantiam
1143 1069 1191 1132 sui

69 1171 212 1236 numinis
242 1172 472 1254 maiestatisque
499 1172 675 1255 coeperunt,
711 1191 809 1255 aquo
839 1173 937 1256 ipsam
960 1171 1123 1250 deitatem,
1156 1173 1192 1237 ut

69 1275 121 1340 ita
143 1275 260 1354 dicam,
292 1274 395 1341 sortiti
417 1293 483 1340 csse
505 1275 681 1340 sentiuntur
703 1278 735 1342 et
756 1276 789 1340 in
811 1294 916 1340 rerum
937 1277 1071 1340 numero
1085 1293 1190 1360 recog-

69 1380 257 1457 noscuntur,
287 1379 372 1443 cuius
394 1378 555 1443 uoluntate
578 1379 608 1443 ct
631 1378 758 1444 arbitrio
781 1379 813 1443 et
834 1379 961 1443 interire
984 1379 1015 1443 ct
1036 1379 1116 1444 solui
1137 1396 1191 1443 nec

70 1483 155 1548 solui
183 1483 311 1565 possunt
340 1501 395 1546 nec
423 1482 572 1546 interire?
608 1501 680 1546 nam
703 1483 729 1547 si
752 1499 855 1546 omnes
879 1482 1072 1546 concedimus
1094 1501 1191 1547 unum

34 1607 60 1644 ιο
70 1603 141 1650 esse
162 1585 330 1668 principem
352 1585 468 1664 solnm,
492 1601 583 1668 quem
606 1586 693 1651 nulla
714 1605 763 1650 res
785 1585 847 1650 alia
868 1586 1024 1651 uetustate
1046 1585 1191 1669 temporis
1294 1653 1300 1657 ,

70 1689 249 1768 antecedat,
281 1689 351 1771 post
372 1688 464 1754 illum
486 1707 608 1755 necesse
631 1690 678 1754 est
700 1691 810 1755 cuncta
832 1691 864 1754 et
886 1689 959 1754 nata
981 1707 1045 1753 esse
1067 1689 1098 1753 et
1120 1705 1190 1770 pro-

69 1791 142 1856 dita
162 1792 193 1856 et
214 1792 247 1856 in
270 1791 318 1858 sui
341 1792 473 1858 nominis
495 1792 674 1874 prosiluisse
701 1795 853 1858 naturam.
891 1792 971 1875 qnod
994 1792 1021 1855 si
1043 1790 1137 1856 lirum
1160 1792 1191 1855 et

70 1896 178 1960 ratum
201 1896 256 1974 est,
281 1895 339 1960 erit
360 1895 447 1960 nobis
470 1913 654 1978 consequens
675 1895 813 1960 confiteri
835 1897 866 1961 ct
889 1895 960 1960 deos
979 1911 1044 1960 csse
1067 1894 1189 1960 natinos

70 2001 106 2063 et
128 2019 147 2064 a
167 1998 304 2081 principe
331 2018 434 2064 rerum
461 1998 544 2064 fonte
572 2000 657 2064 ortus
684 1999 734 2063 sui
761 1999 910 2082 originem
932 1998 1049 2062 ducere.
1086 1996 1190 2078 quisi

33 2127 59 2165 1⁵
70 2103 146 2168 sunt
161 2103 260 2190 natiui
276 2102 307 2166 et
321 2102 428 2186 geniti,
452 2104 483 2166 et
497 2101 728 2168 interitionibus
743 2102 849 2185 utiquc
863 2103 1068 2184 periculisque
1083 2099 1187 2164 uicini.

70 2206 107 2270 at
134 2205 217 2268 anim
246 2223 310 2270 csse
339 2205 504 2271 creduntur
530 2205 720 2270 immortales
753 2205 892 2286 perpetui
921 2206 951 2268 et
978 2204 1092 2270 nullius
1120 2225 1190 2268 um·

70 2327 167 2391 quam
189 2307 457 2393 participcsfinis.
495 2327 566 2394 ergo
589 2308 674 2374 istud
696 2328 808 2374 munus
831 2309 880 2372 dei
901 2307 998 2390 patris
1021 2311 1053 2374 et
1075 2309 1190 2378 donum

70 2414 137 2490 est,
171 2412 207 2477 ut
236 2407 358 2476 infinita
387 2411 556 2477 meruerint
584 2411 667 2476 idem
696 2428 761 2476 essa
789 2430 842 2493 per
864 2411 999 2490 saecula,
1034 2429 1104 2476 cum
1126 2410 1189 2477 sint

69 2515 182 2580 labiles
216 2514 422 2596 solubilesque
456 2515 575 2580 natura.
619 2515 711 2596 atque
740 2514 861 2580 utinam
890 2515 1014 2579 daretur
1041 2514 1075 2578 in
1098 2508 1239 2579 unius„

32 2615 205 2701 respeciem
234 2617 383 2684 contionis
405 2618 470 2683 toto
493 2618 564 2682 orbe
591 2617 745 2682 contracto
774 2617 908 2685 oratione
929 2617 986 2682 hac
1007 2617 1055 2682 uti
1077 2619 1108 2682 ot
1130 2617 1188 2681 bu·

70 2723 158 2787 mani
180 2723 212 2786 in
234 2722 353 2804 generis
372 2720 376 2807 l
395 2721 550 2786 audientia
572 2721 730 2786 conlocari.
768 2739 877 2805 ergone
899 2721 1013 2804 impiae
1034 2719 1273 2804 religionssro

70 2845 181 2890 sumus
204 2824 287 2909 apud
308 2842 362 2888 uos
384 2825 444 2903 rei,
474 2829 505 2889 et
524 2823 606 2914 quod
632 2825 723 2906 caput
752 2842 854 2888 rerum
876 2825 906 2889 ct
929 2826 1067 2890 columen
1096 2843 1187 2888 uene-

69 2927 225 2992 rabilibus
248 2927 370 2992 adimus
386 2925 548 3008 obsequiis,
578 2928 614 2990 ut
635 2925 770 2990 conuicio
790 2928 914 2991 utamur
929 2928 1039 3006 nestro,
1062 2925 1189 2991 infausti

70 3032 104 3096 et
126 3031 209 3095 athei
236 3032 467 3111 nuncupamur?
504 3030 535 3093 et
557 3028 625 3111 quis
648 3029 747 3111 magis
779 3029 891 3093 rectius
913 3029 1022 3094 horum
1044 3028 1119 3094 feret
1141 3031 1201 3095 in-.

32 3132 190 3198 inuidiam
219 3132 392 3210 nominum,
425 3149 517 3214 quam
540 3130 592 3213 qui
614 3131 711 3196 alium
733 3150 805 3214 prae
827 3131 884 3197 hoc
913 3132 1004 3197 deum
1027 3132 1080 3196 aut
1101 3133 1188 3197 nouit

68 3236 125 3300 aut
154 3235 327 3300 sciscitatur
354 3235 408 3299 aut
438 3235 557 3299 credit?
593 3253 690 3300 nonne
719 3228 790 3299 huic
820 3253 925 3300 omnes
956 3235 1101 3300 debemus
1131 3236 1187 3300 hoc

69 3340 173 3421 ipsum
197 3339 340 3420 primum,
365 3338 445 3419 quod
468 3357 584 3420 sumus,
608 3338 688 3420 quod
703 3357 768 3404 esse
782 3339 920 3404 homiues
943 3339 1083 3418 dicimur,
1107 3341 1187 3420 quod

70 3442 110 3508 ab
134 3459 168 3506 eo
191 3441 241 3506 uel
263 3442 374 3506 missae
396 3443 516 3508 animae
537 3442 587 3507 uel
609 3444 711 3524 lapsae
734 3443 879 3508 caecitate
901 3442 992 3507 huius
1007 3442 1039 3507 in
1055 3445 1186 3524 corporis

70 3545 284 3612 continemur?
321 3563 383 3609 non
405 3545 486 3627 quod
508 3545 689 3623 incedimus,
713 3547 792 3627 quod
815 3546 966 3627 spiramus
988 3548 1019 3610 et
1041 3547 1186 3623 uiuimus

32 3649 108 3713 acab
132 3666 165 3712 so
186 3648 228 3712 ad
249 3667 304 3718 uos
326 3647 413 3714 uenit
435 3647 526 3729 nique
548 3647 614 3729 ipsa
636 3632 761 3713 uiuendi
785 3646 879 3712 elficit
901 3665 954 3712 nos
984 3667 1048 3715 esse
1070 3651 1102 3714 et
1123 3650 1186 3713 ani·

70 3750 147 3817 mali
176 3752 343 3834 agitatione
373 3751 506 3816 motari?
543 3769 641 3815 nonne
670 3750 708 3814 ab
738 3750 794 3814 hoc
823 3750 952 3816 effluunt
982 3769 1102 3834 causae,
1133 3769 1186 3835 per

105 3970 225 4024 2libore
243 3972 270 4026 P
371 3969 556 4025 eliciunturP
658 3972 824 4038 comparatas
842 3971 869 4025 P
918 3929 921 3962 Ι
970 3973 1185 4028 5'substantiam

70 4057 134 4124 Sub,
146 4073 178 4110 r:
196 4055 348 4112 substantia
359 4057 385 4111 P
487 4055 631 4132 disortitos
650 4071 705 4110 esse
722 4072 750 4110 se
767 4056 818 4112 Urs
835 4055 925 4112 sortiti
937 4074 964 4112 se
975 4074 1030 4113 esse
1043 4059 1117 4114 Saloe
1224 4120 1228 4126 ,

69 4142 223 4196 sentiuntur
245 4143 356 4210 semsi:
386 4142 508 4196 sentiunt
533 4142 560 4196 P
706 4146 928 4211 recognoscuntur
954 4145 1065 4212 scripsi:
1094 4161 1184 4215 recog-

68 4229 184 4282 noscunt
200 4227 227 4281 P
296 4228 329 4283 10
346 4230 493 4282 uestustate
512 4227 539 4280 P
555 4243 616 4282 corr
685 4227 718 4304 14
735 4229 836 4282 aSab:
853 4245 886 4298 ap
904 4229 931 4282 P
999 4231 1032 4284 15
1048 4231 1185 4299 periculis·

69 4329 120 4382 quc
144 4313 172 4366 P
283 4313 315 4368 16
341 4313 375 4366 ad
401 4314 428 4368 P
445 4329 505 4368 corr
551 4335 553 4340 ¹
615 4312 649 4368 20
676 4317 810 4368 contracto
834 4313 903 4368 Sub:
932 4318 1067 4372 conuecta
1091 4318 1117 4372 P

69 4400 102 4454 21
129 4399 252 4453 collocari
281 4400 343 4454 Get:
372 4400 506 4452 conlocare
532 4399 559 4452 P
670 4398 706 4453 28
730 4401 805 4454 missi
831 4400 884 4460 Sub
1000 4404 1101 4458 animae
1128 4404 1185 4458 cdd

69 4485 273 4540 Klossmormos
375 4484 443 4554 lapsi
462 4483 516 4538 Sub
1046 4524 1082 4576 2*
