2888 5008
260 448 324 515 244
562 444 701 500 Arretii
724 445 886 500 aduersus
908 445 1067 501 nationes

261 618 379 687 consilii
405 617 573 702 particeps,
601 617 859 701 quemadmodum
886 617 1089 703 pronuntiant
1110 617 1164 682 isti
1191 617 1244 700 qui
1268 635 1303 683 se
1325 618 1391 682 bo-⁴

259 721 358 788 mines
379 722 539 790 nominant
561 721 592 786 et
610 719 769 787 iemcitate
784 720 965 786 transiliunt
980 720 1110 786 beluas?
1131 739 1229 786 nonne
1243 720 1378 804 primor-

259 824 319 892 diis
340 826 438 892 isdem
460 823 567 890 eadem
589 826 620 890 st
642 841 692 890 me
713 823 820 908 genuit
847 823 1086 907 informauitpne
1114 824 1248 889 natura?
1281 842 1379 890 nonne

258 928 385 1012 spiritus
417 947 496 994 unus
528 929 576 993 est
609 927 662 1010 qui
689 925 820 993 stilles
848 929 880 993 et
903 947 953 993 me
986 927 1091 1011 regit?
1126 941 1187 992 non
1222 926 1379 992 consimili

257 1032 376 1098 ratione
402 1032 518 1114 respiro
546 1032 578 1096 et
605 1029 695 1095 uideo
724 1031 755 1095 et
777 1028 886 1096 ceteris
914 1027 1038 1095 adficior
1066 1029 1229 1096 sensibus?
1263 1029 1403 1096 habente

257 1135 357 1201 iecora
387 1137 547 1217 pulmones
573 1132 665 1198 corda
696 1132 843 1199 intestina
870 1132 1072 1200 uentriculos:
1105 1134 1136 1198 et
1167 1132 1249 1198 mibi
1280 1151 1380 1198 mem-

257 1240 383 1305 brorum
404 1256 464 1305 non
486 1237 569 1303 idem
591 1237 638 1302 cst
660 1255 804 1303 numerus
818 1237 1011 1303 attributus?
1031 1238 1139 1303 amant
1160 1253 1232 1302 snos
1249 1235 1338 1301 fetus
1352 1239 1380 1300 et

257 1340 417 1425 gignendis
439 1340 624 1406 conueniunt
645 1338 770 1406 liberis:
793 1359 853 1406 non
868 1339 992 1406 etmihi
1006 1339 1102 1422 prolis
1117 1342 1150 1406 et
1165 1339 1380 1424 subrogandae

257 1446 305 1510 est
326 1461 397 1510 cura
418 1444 449 1510 st
471 1444 614 1524 dulcedo,
637 1464 709 1510 cum
731 1444 825 1510 fuerit
851 1445 1031 1528 procreata?
1063 1441 1116 1508 ssd
1138 1443 1313 1508 rationales
1335 1442 1381 1507 illi

257 1547 382 1612 suntet
404 1545 582 1613 articulatas
604 1547 779 1631 exprimunt
801 1563 899 1612 uoces.
935 1547 967 1612 et
989 1545 1071 1611 unde
1096 1545 1164 1611 illis
1185 1547 1309 1610 notum
1327 1546 1405 1623 este

257 1668 297 1715 an
319 1650 351 1715 et
372 1669 427 1734 ego
449 1652 528 1732 quod
550 1648 627 1715 facio
648 1651 727 1715 meis
748 1649 918 1715 rationibus
941 1647 1051 1714 faciam
1074 1648 1106 1714 et
1126 1667 1185 1714 uox
1205 1648 1271 1712 ista
1286 1667 1380 1730 quam

159 1752 446 1836 conponendi
468 1752 586 1837 generis
608 1753 703 1819 uerba
724 1752 789 1818 sint
812 1751 817 1838 Ι
843 1753 875 1818 et
896 1751 970 1818 sobs
992 1750 1216 1836 intellegantur
1229 1770 1252 1817 a
1267 1752 1380 1816 nobis?

257 1857 411 1938 interroga
431 1853 593 1935 Pietatem,
615 1857 760 1921 utrumne
781 1856 823 1921 sit
844 1855 971 1938 aequius
993 1874 1045 1920 me
1064 1854 1173 1934 occidi,
1196 1873 1249 1920 ms
1270 1853 1379 1919 confici

256 1977 296 2024 an
317 1957 472 2023 hominem
493 1959 584 2023 uenia
604 1959 636 2024 et
658 1958 891 2024 commissorum
912 1958 1088 2043 inpunitate
1107 1958 1239 2024 donari?
1262 1958 1380 2042 quisin

255 2061 394 2148 gladium
416 2061 564 2126 formauit
584 2061 722 2126 ferrum?
755 2080 816 2127 non
836 2062 951 2128 bomo?
983 2064 1052 2146 quis
1073 2061 1195 2128 cladem
1217 2061 1378 2146 gentibus,
1386 2087 1402 2124 s

255 2165 323 2247 quis
345 2163 519 2230 nationibus
540 2164 691 2248 imposuit
714 2164 919 2231 seruitutem?
940 2182 1000 2230 non
1015 2166 1129 2233 homo?
1151 2165 1221 2247 quis
1237 2165 1378 2247 parenti·

255 2268 326 2347 bus,
348 2265 513 2346 tratribus,
535 2267 604 2349 quis
627 2267 787 2347 uxoribus,
814 2269 883 2350 quis
904 2267 1014 2334 amicis
1036 2267 1212 2334 mortiferas
1234 2267 1378 2333 subdidit

256 2369 507 2451 commiscuitque
533 2368 694 2452 potiones?
726 2387 785 2434 non
814 2369 928 2437 bomo?
960 2371 1030 2455 quis
1056 2370 1210 2436 maleficia
1240 2371 1378 2455 repperit

128 2481 130 2488 ’
256 2472 311 2537 aut
333 2472 556 2537 commentatus
578 2473 625 2537 est
646 2471 742 2550 tanta,
766 2475 880 2555 quanta
896 2473 973 2558 [uix]
992 2474 1136 2555 explicari
1151 2473 1262 2539 decem
1278 2475 1377 2539 milli·

255 2574 312 2640 bus
326 2576 477 2657 nequeant
491 2576 541 2641 uel
556 2574 714 2640 annalium
728 2576 779 2641 uel
794 2574 997 2641 diurnorum?
1018 2595 1077 2641 non
1091 2575 1208 2662 homos
1227 2577 1279 2642 ita
1292 2577 1403 2642 istuds

256 2697 316 2744 non
337 2677 446 2756 ferum,
467 2695 528 2742 non
548 2679 681 2756 inmane,
705 2695 765 2742 non
786 2695 913 2745 saeuum
935 2679 992 2759 est,
1015 2697 1076 2744 non
1096 2679 1165 2759 tibi,
1188 2680 1378 2763 quppiter‚

255 2780 405 2846 iniustum
427 2779 548 2845 uidetur
570 2780 601 2845 et
621 2780 795 2860 barbarum,
819 2799 868 2845 me
890 2780 996 2861 occidi,
1020 2799 1069 2847 ms
1090 2782 1194 2861 caedi,'
1208 2785 1246 2848 ut
1262 2782 1323 2847 fias
1346 2787 1379 2846 tu

254 2883 395 2968 placidus
423 2884 454 2948 et
480 2884 516 2948 ut
545 2883 701 2950 scelerosis
734 2883 892 2969 contingat
924 2881 1114 2969 inpunitast'
1136 2904 1208 2971 ergo
1230 2886 1274 2950 ob
1297 2886 1378 2952 banc

255 3003 388 3066 causam,
410 2985 442 3049 id
466 2987 512 3050 est
533 2986 659 3051 numina
681 2987 717 3050 ut
737 2987 898 3068 placentur
918 2988 1008 3067 irate,
1032 2988 1166 3054 inaniter
1189 2987 1260 3054 fieri
1281 2989 1378 3055 sacri·

254 3089 323 3154 ficia
350 3087 504 3167 constitit,
536 3107 606 3153 cum
634 3090 770 3155 docuerit
796 3108 851 3155 nos
879 3091 958 3155 ratio
985 3109 1083 3173 neque
1104 3091 1177 3156 deos
1200 3091 1297 3157 irasci
1322 3092 1404 3156 ali-s

254 3191 373 3274 quando
395 3210 492 3274 neque
512 3191 642 3257 alterum
663 3192 743 3256 nelle
756 3187 813 3274 pro'
827 3193 925 3258 altero
941 3193 1057 3274 confici,
1081 3194 1165 3259 caedi
1186 3213 1244 3259 nec
1260 3197 1379 3260 innoxii

206 3294 401 3380 lbsanguine
423 3293 624 3360 abolitionem
645 3294 918 3379 dissignationibus
946 3297 1125 3380 comparari.
1159 3297 1213 3362 sed
1242 3298 1377 3364 fortasse

254 3397 366 3480 aliquis
388 3397 485 3463 dicet:
508 3397 691 3463 idcireo'dis
712 3398 829 3465 hostias
851 3400 882 3464 et
903 3402 1004 3466 cetera
1019 3399 1217 3484 inpendimus
1232 3421 1377 3480 munera,

254 3501 290 3565 ut
316 3501 483 3566 familiares
513 3501 736 3584 quodammodo
765 3502 877 3567 uostris
906 3502 1181 3586 supplicationibus
1215 3503 1295 3569 iacti
1333 3523 1379 3570 res

254 3602 393 3669 tribuant
415 3619 573 3688 prosperas
596 3604 796 3686 auertantque
818 3605 937 3671 anobis
953 3607 1045 3685 mala,
1070 3625 1140 3672 cum
1156 3606 1283 3688 gaudiis
1302 3608 1406 3673 faci-s

254 3707 308 3770 ant
330 3724 419 3790 agere
441 3723 494 3770 nos
517 3724 650 3789 semper,
680 3705 825 3770 tristitias
847 3725 918 3772 uero
942 3709 1116 3790 propellant
1138 3713 1170 3774 ct
1192 3728 1228 3774 ex
1253 3711 1379 3777 casibus
1427 3791 1428 3806 χ

286 3943 413 3997 2neluas
431 3943 458 3997 P
473 3959 534 3998 cerr
636 3943 811 3997 9rctionales
829 3943 928 3998 Pcotr
1031 3945 1064 3999 10
1081 3949 1239 4015 expromunt
1263 3948 1379 4004 Ouden-

253 4028 366 4098 dorpios
469 4031 501 4084 13
518 4031 645 4098 pietatem
663 4031 747 4100 culpo
849 4029 882 4084 14
899 4046 933 4084 an
952 4029 1040 4084 oddo
1143 4031 1176 4086 18
1193 4033 1379 4088 commiscuit-

252 4130 302 4182 que
324 4115 355 4168 P'
379 4123 382 4128 '
437 4116 470 4169 19
494 4115 539 4168 uix
564 4117 676 4171 sceleste
702 4117 871 4170 ‘adverbium
896 4118 940 4169 uix
963 4115 1076 4171 uidetur
1093 4117 1236 4172 oboadotc
1255 4126 1311 4174 aut
1326 4137 1379 4190 pro

252 4191 386 4268 nequeant
408 4201 551 4271 dependam
573 4201 678 4271 queant'
709 4201 761 4256 Ura
873 4201 983 4256 milibus
1011 4203 1038 4256 P
1156 4204 1190 4256 20
1214 4202 1378 4262 diurnorum

258 4286 410 4340 Graeceius:
429 4286 530 4341 dierum
542 4289 569 4340 P
583 4287 729 4341 Mariorum
746 4287 798 4341 Urs
899 4289 933 4342 25
944 4287 989 4342 des
1002 4289 1030 4342 P
1041 4303 1129 4343 corrc
1230 4291 1267 4344 27
1286 4293 1378 4362 desig·

252 4371 405 4426 nationibus
423 4371 477 4425 Sub
578 4371 702 4426 28diisc
803 4373 836 4427 31
855 4375 881 4427 et
899 4373 956 4428 add
968 4373 1022 4429 Sat
1123 4391 1189 4428 aser
1206 4375 1234 4428 P
