2916 5010
615 499 777 567 tabern„
883 529 891 541 -
1205 474 1244 564 91

132 677 319 743 senserimus
347 675 423 741 uicti
447 676 479 739 et
499 675 644 740 uniuersa
665 674 713 738 his
735 675 851 739 scatere
873 675 893 754 †
915 671 1111 738 nominaliter
1133 672 1246 748 adnue

131 781 230 846 rimus
257 780 406 858 humana,
435 779 634 860 consequetur
661 779 697 842 ut
718 778 868 862 rogitent:
901 795 955 840 cur
976 793 1047 858 ergo
1069 775 1142 839 haec
1163 775 1247 866 mala

132 884 208 949 deus
230 883 420 965 omnipotens
442 901 501 947 nou
523 880 624 946 aufert
647 880 700 945 sed
722 898 787 946 esse
813 879 982 962 perpetitur
1004 882 1123 943 etcum
1146 877 1246 943 omni·

131 989 189 1052 bus
217 985 346 1050 saeculis
374 985 522 1067 pertinaci
551 983 777 1049 continuatione
806 982 988 1065 procedere?
1020 982 1047 1045 si
1069 981 1245 1046 intellectus

107 1087 220 1152 anobis
251 1087 384 1152 adiuerit
412 1085 470 1152 dei‘
487 1087 570 1171 regis
596 1105 630 1150 ao
655 1085 804 1171 principis
835 1103 889 1149 neo
918 1103 971 1166 per
1000 1084 1110 1166 impias
1139 1083 1246 1166 uagari
1315 1097 1317 1104 ·

131 1190 340 1273 suspicionum
373 1190 561 1255 uoluerimus
594 1190 743 1268 insanias,
777 1187 1014 1269 respondeamus
1041 1205 1161 1252 necesse
1188 1188 1244 1262 est,

130 1295 245 1359 nescire
270 1311 325 1358 nos
350 1293 412 1357 ista
446 1311 501 1356 uec
528 1311 605 1374 quae
632 1293 727 1357 nullis
755 1294 876 1374 possent
902 1290 906 1375 Ι
933 1289 1131 1355 facultatibus
1161 1308 1243 1355 com·
1254 1300 1270 1351 f.
1283 1297 1328 1351 aab

130 1396 276 1478 prehendi
298 1395 447 1479 expetisse
470 1395 634 1477 aliquando
657 1397 710 1461 aut
732 1395 888 1460 studuisse
902 1413 1096 1478 cognoscere:
1119 1393 1244 1457 melius-

130 1519 189 1582 que
211 1499 343 1575 duoetis,
367 1499 538 1581 quinimmo
561 1499 727 1581 optimum,
756 1502 854 1582 magis
876 1498 908 1562 in
930 1497 1109 1562 inscientiae
1131 1495 1244 1560 finibus

94 1623 121 1662 ιο
131 1605 222 1686 atque
243 1603 435 1686 ignorantiae
461 1621 639 1684 permanere
667 1621 758 1684 quam
784 1601 845 1666 nisi
873 1600 923 1665 dei
951 1599 1050 1665 dicere
1078 1599 1157 1663 nihil
1178 1597 1244 1663 fieri
1291 1609 1292 1614 ’

129 1724 184 1788 per
205 1707 405 1783 uoluntatem,
429 1707 464 1769 ut
486 1705 580 1770 simul
602 1705 800 1788 intellegatur
814 1708 844 1768 et
859 1704 951 1768 malis
967 1722 1036 1767 eum
1052 1720 1158 1766 causas
1174 1701 1244 1765 dare

130 1809 161 1872 et
191 1809 388 1882 miseriarum
420 1826 485 1872 esse
517 1807 789 1872 innumerabilium
821 1806 1016 1872 conditorem.
1051 1805 1133 1869 mala
1162 1822 1242 1887 ergo,

130 1909 253 1990 dimtie,
276 1899 355 1976 unde
379 1912 451 1974 sunt
473 1911 547 1975 haec
569 1910 694 1975 omnia?
727 1928 762 1973 ex
784 1908 950 1987 elementis,
974 1908 1132 1989 inquiunt,
1157 1910 1187 1971 et
1209 1926 1244 1970 ex

89 2013 95 2034 ‘
130 2030 235 2076 eorum
256 2013 520 2096 inaequabilitate,
544 2012 712 2094 sapientes:
736 2012 816 2093 quod
833 2011 900 2077 fieri
921 2011 974 2092 qui
993 2011 1089 2092 possit
1111 2012 1147 2074 ut
1168 2027 1243 2091 quae

93 2134 250 2181 aseneum
279 2120 309 2180 et
336 2116 485 2180 iudicium
512 2133 572 2181 non
600 2115 715 2179 habent
748 2115 906 2179 malitiosa
933 2133 998 2179 esse
1026 2113 1244 2198 perhibeantur

129 2220 159 2282 et
181 2219 271 2283 noxia
296 2221 350 2284 aut
372 2236 431 2283 non
452 2219 507 2282 ille
529 2219 570 2283 sit
592 2219 694 2300 potius
723 2217 895 2282 malitiosus
922 2220 951 2282 et
974 2217 1097 2295 noxius,
1121 2217 1174 2299 qui
1196 2235 1242 2281 res

128 2321 277 2404 pessimas
299 2324 329 2386 et
351 2321 583 2386 nocentissimae
605 2321 727 2386 futuras
749 2325 780 2385 in
803 2320 933 2384 alicuius
950 2321 1048 2402 operis
1072 2318 1243 2402 adsumpsit

129 2424 287 2507 effectum,
318 2442 421 2489 eorum
453 2428 499 2489 est
528 2424 582 2505 qui
610 2424 754 2488 adserunt
775 2423 942 2506 peruidere.
977 2423 1050 2505 quid
1073 2441 1144 2506 ergo
1166 2425 1242 2487 nos?

128 2527 299 2592 undenos?
321 2527 524 2610 responsionis
543 2528 708 2592 necessitas
724 2527 810 2591 nulla
825 2529 882 2591 est
904 2527 969 2590 siue
985 2526 1067 2590 enim
1081 2542 1243 2608 possumus

92 2629 235 2708 aedicere,
258 2629 324 2694 siue
345 2631 448 2695 minus
470 2631 609 2695 ualemus
633 2649 688 2695 neo
710 2648 882 2712 possumus,
905 2632 1070 2711 utrumque
1086 2629 1166 2712 apud
1188 2647 1241 2693 nos

126 2752 258 2814 paruum
280 2737 340 2809 est3
370 2734 479 2799 necin
501 2733 622 2816 magnis
651 2733 834 2814 ponderibus
863 2733 1001 2797 ducimus
1028 2733 1079 2796 uel
1101 2731 1241 2814 ignorare

126 2837 210 2900 istud
237 2836 288 2902 uel
318 2837 409 2915 seire,
443 2855 540 2901 unum
569 2836 668 2906 solum
696 2835 832 2916 posuisse
861 2837 1011 2914 contenti,
1046 2835 1124 2900 nihil
1147 2855 1165 2900 a
1187 2836 1241 2900 deo

125 2940 263 3022 principe
290 2939 370 3021 quod
392 2939 433 3003 sit
455 2957 564 3003 nocens
594 2941 685 3020 atque
707 2937 863 3002 exitiabile
885 2937 1044 3020 proficisci.
1079 2937 1135 3002 hoo
1157 2938 1241 3001 tene·

126 3061 205 3122 mus,
228 3044 285 3108 hoo
300 3043 450 3122 nouimus,
473 3043 505 3107 in
519 3042 576 3107 hac
590 3061 652 3107 una
667 3040 861 3108 consistimus
884 3041 1069 3134 cognitionis
1091 3045 1121 3105 et
1144 3041 1241 3106 soien-

90 3146 188 3215 atiae
217 3147 364 3225 ueritate,
398 3146 477 3210 nihil
504 3147 541 3210 ab
570 3163 603 3211 eo
633 3146 700 3209 fieri
730 3145 792 3210 nisi
820 3145 899 3228 quod
925 3146 967 3210 sit
995 3145 1135 3210 omnibus
1157 3144 1241 3208 salu-

126 3252 202 3328 tare,
219 3249 299 3332 quod
314 3249 412 3327 dulce,
428 3248 508 3330 quod
519 3249 631 3313 amoris
647 3249 677 3313 et
689 3249 795 3331 gaudii
807 3248 1003 3330 laetitiaeque
1017 3247 1240 3331 plenissimum,

127 3353 208 3435 quod
235 3351 373 3416 infinitas
405 3352 517 3416 habeat
545 3353 636 3433 atque
663 3351 912 3433 incorruptibiles
940 3352 1132 3434 uoluptates,
1161 3350 1240 3432 quod

126 3454 187 3521 sibi
210 3456 337 3538 quisque
359 3455 534 3538 contingere
556 3455 638 3521 uotis
661 3456 801 3521 omnibus
822 3456 951 3537 expetat,
974 3454 1108 3536 forisque
1130 3452 1167 3518 ab
1191 3452 1239 3517 his

159 3745 176 3798 6
187 3753 284 3797 necans
297 3743 324 3796 P
423 3743 439 3796 ‘1
452 3758 498 3796 neo
511 3741 580 3798 Sub:
592 3744 619 3796 et
632 3743 659 3796 P
759 3742 775 3795 8
787 3740 932 3809 meliusque
944 3741 1068 3795 dumntes
1078 3741 1133 3795 Sub
1144 3742 1239 3795 melius

125 3831 249 3885 ducentes
271 3830 324 3885 aer
452 3829 561 3884 ducetur
584 3829 598 3883 2
723 3828 739 3881 9
757 3827 888 3896 optimum
904 3827 1017 3894 scripsi:
1039 3825 1128 3894 potius
1146 3827 1174 3880 P

123 3917 212 3985 magis
230 3933 272 3970 om
294 3917 345 3972 Urs
455 3915 483 3967 in
501 3915 558 3976 aaa
582 3915 634 3969 Urs
743 3913 889 3982 meliusque
908 3913 1006 3978 ducere,
1024 3913 1075 3978 his,
1092 3913 1239 3982 quinimmo

123 4003 214 4074 potius
237 4002 315 4070 uagis
339 4005 409 4067 (com
437 3999 546 4054 Oeblero
561 4015 615 4068 pro
632 4000 729 4070 magis)
747 4001 776 4052 in
797 3997 952 4054 inscientiae
969 3997 1172 4053 Klaseorcaaae

124 4089 158 4143 10
175 4089 228 4142 uisi
245 4088 358 4156 scripsi.-
385 4087 442 4140 sine
454 4086 481 4139 P
506 4085 571 4140 scire
590 4087 725 4140 Mearsias
826 4069 914 4142 d‘eiP
931 4086 978 4139 deo
997 4085 1051 4140 Sub
1153 4084 1238 4138 dicere

123 4173 166 4228 dei
183 4173 326 4226 Maarsares
427 4173 580 4240 11p1aeter
598 4173 762 4226 uoluntatem
780 4171 921 4226 Macareida
938 4171 1077 4225 uoluntate
1095 4169 1172 4224 Saba

123 4260 201 4312 daret
217 4257 245 4311 P
261 4273 321 4311 corr
432 4257 465 4310 12
483 4260 551 4311 esset
568 4258 596 4311 P
612 4274 675 4313 corr
782 4259 814 4311 17
831 4255 1049 4311 noncentiseimas
1067 4255 1094 4308 P
1110 4271 1171 4309 corr

124 4343 157 4397 19
180 4359 228 4398 nos
247 4343 345 4398 addida
445 4341 480 4396 20
497 4359 639 4411 uerumque
657 4343 711 4399 Sub
812 4343 845 4397 21
863 4342 984 4397 duximus
1003 4343 1057 4396 Sub
1157 4341 1239 4394 22111

122 4446 165 4500 mp
319 4431 353 4485 26
370 4430 538 4498 laetitiaequi
555 4430 582 4482 P
593 4445 652 4483 corr
753 4430 788 4484 28
805 4431 909 4498 expetat
923 4428 991 4483 Sub:
1009 4428 1127 4497 expectat
1144 4427 1184 4500 P¹
