2888 5008
571 493 670 548 neser
693 493 724 546 ιι.
782 461 785 470 ’
851 509 854 514 -
1141 487 1202 559 1¹99

90 671 224 734 uerteret
249 671 349 750 'atque
382 668 492 748 risum,
525 667 606 749 quod
638 667 792 732 obiectum
826 665 937 730 lumini
970 666 1201 749 conspectuique

91 771 196 838 diuino
218 773 249 836 et
270 769 458 836 obliuionem
480 769 674 834 miseriarum
691 769 779 833 daret
793 769 825 832 et
838 767 978 833 habitum
993 769 1026 833 in
1041 767 1200 834 laetiorem

89 877 247 958 repentina
268 873 427 938 hilaritate
448 873 644 948 traduceret?
678 889 694 936 o
717 871 833 954 qualia,
860 890 878 936 c
899 872 1014 953 quanta
1035 871 1202 938 inridentes

89 977 247 1062 potuimus
269 975 508 1057 cauillantesqne
530 977 719 1058 depromere,
748 975 775 1039 si
804 993 864 1040 non
890 973 1000 1058 religio
1025 993 1079 1041 nos
1101 977 1201 1058 gentis

67 1083 123 1145 set
154 1080 329 1144 litterarum
359 1077 535 1160 prohiberet
567 1077 741 1142 auctoritas.
779 1077 845 1141 ianr
876 1077 991 1142 dudum
1024 1097 1074 1142 me
1106 1077 1252 1143 faceorre

89 1183 240 1248 haesitare
282 1181 512 1262 circumspicere
553 1181 765 1266 tergiuersari,
805 1181 901 1246 tricas·
936 1180 1201 1263 'quemadmodum

88 1285 203 1352 dicitur
225 1283 435 1367 conduplicare
450 1283 601 1362 Pallenes,
625 1284 699 1349 dum
720 1284 818 1366 pudor
839 1304 889 1349 me
908 1284 1002 1348 habet
1027 1283 1202 1349 Alimuntia

88 1390 147 1454 illa
167 1389 301 1471 prolerre
322 1387 478 1471 mysteria,
502 1387 612 1470 quibus
633 1387 786 1452 inhiberi
808 1386 952 1454 honorem
970 1388 1068 1469 patris
1083 1387 1202 1468 phallos

90 1492 225 1575 subrigit
245 1491 375 1560 Graeca
403 1490 433 1554 et
454 1489 631 1554 simulacris
661 1491 802 1556 uirilium
830 1490 1017 1556 fascinorum
1047 1489 1202 1556 territoria

52 1596 200 1661 recuncta
222 1594 395 1659 florescunt.
431 1593 504 1676 quid
526 1594 573 1658 sit
582 1594 676 1671 istud,
700 1594 861 1659 obscurum
877 1596 922 1658 est
936 1592 1073 1673 forsitan,
1096 1595 1127 1658 et
1142 1613 1202 1676 qua

82 1699 145 1763 'fiat
172 1698 289 1762 ratione
318 1697 508 1778 disquiritur.
543 1697 682 1779 quisquis
710 1697 795 1763 istud
828 1698 964 1781 ignoras,
995 1698 1077 1762 disce
1111 1699 1203 1780 atque

89 1801 259 1867 admiratus
280 1819 329 1865 res
350 1801 454 1865 tantas
475 1801 561 1882 puris
589 1819 708 1882 semper
729 1801 762 1864 in
785 1801 923 1866 sensibus
946 1801 1126 1867 meticulosa
1147 1800 1202 1866 ob-

89 1904 262 1992 seruatione
292 1902 420 1969 custodi.
451 1921 520 1968 eum
542 1903 622 1967 inter
644 1903 791 1982 hominos,
821 1903 973 1985 inquiunt,
1003 1905 1083 1969 esset
1104 1903 1203 1970 adhuc

87 2007 205 2091 Nysius
221 2007 252 2071 et
267 2003 433 2071 Semeleius
449 2005 548 2083 Liber,
570 2019 657 2071 nosse·
671 2005 782 2071 inferos
798 2007 946 2089 expetiuit
961 2009 992 2073 et
1007 2010 1064 2074 sub
1080 2009 1203 2074 Tartari

52 2110 215 2177 resedibus
237 2109 385 2191 quidnam
406 2123 509 2172 rerum
530 2110 672 2192 ageretur
694 2108 860 2191 inquirere:
884 2111 932 2175 set
954 2111 1107 2194 cupiditas
1127 2111 1203 2176 haec

89 2216 155 2280 eius
187 2211 343 2279 nonnullis
373 2210 609 2276 difficultatibus
638 2211 863 2294 inpediebatur,
895 2213 974 2296 quod
1004 2231 1063 2295 qua
1084 2215 1202 2279 iret'ao

88 2319 231 2400 pergeret
257 2313 524 2379 inscitia-itineris
552 2315 713 2380 nesciebat.
742 2307 929 2398 Prosymnus
954 2314 960 2400 Ι
985 2315 1111 2398 quidam
1134 2335 1199 2382 exo·
1212 2331 1291 2380 sne

87 2421 170 2485 ritur
190 2416 413 2503 ignominiosus
435 2419 554 2482 amator
576 2419 625 2482 dei
647 2419 738 2500 atque
759 2420 793 2483 in
814 2420 946 2486 nefarias
960 2417 1103 2484 libidines
1126 2419 1201 2483 satis

86 2541 211 2607 pronus,
235 2523 288 2605 qui
310 2543 343 2588 se
364 2523 490 2587 ianuam
512 2523 594 2588 Ditis
617 2527 710 2606 atque
724 2521 910 2589 Achemsios
924 2524 1027 2589 aditus
1041 2522 1203 2605 pollicetur

52 2648 78 2687 ιο
87 2625 307 2708 indicaturum,
331 2627 358 2690 si
380 2627 440 2692 sibi
461 2629 582 2711 gereret
596 2645 713 2692 morem
728 2629 802 2692 deus
818 2629 909 2709 atque
924 2627 1045 2691 uxorias
1059 2626 1203 2707 uolupta-

87 2733 137 2795 tes
159 2732 315 2812 pateretur
337 2749 372 2794 er
395 2749 427 2795 se
449 2731 541 2812 carpi.
576 2732 650 2796 deus
665 2729 766 2796 facilis
789 2729 871 2796 iurat
885 2731 1049 2813 potestatis
1064 2729 1202 2794 futurum
1260 2788 1262 2790 ,

87 2851 125 2898 ac
147 2832 319 2898 uoluntatis
341 2851 374 2898 se
396 2833 471 2916 eius,
494 2833 548 2898 sed
569 2833 796 2916 cumprimum
818 2834 856 2898 ab
877 2833 984 2898 inferis
1006 2851 1116 2916 conpos
1136 2834 1203 2898 uoti

88 2940 182 3018 atque
205 2935 404 3018 expeditionis
426 2937 563 3001 redisset.
585 2936 681 3000 ‘uiam
703 2937 830 3002 comiter
851 2937 1038 3020 Prosymnae
1062 2935 1202 3001 edisserit
1307 3015 1313 3028 ·

88 3043 182 3122 atque
203 3039 237 3103 in
258 3027 364 3103 limine
393 3040 459 3120 ipso
487 3038 648 3123 prostituit
675 3039 848 3104 inferorum.
881 3039 998 3104 interea
1020 3039 1093 3104 dum
1112 3037 1203 3103 Liber

53 3166 79 3204 es
89 3143 219 3228 Stygem
246 3141 410 3208 Cerberum
436 3141 545 3208 Furias
573 3144 664 3224 atque
692 3143 769 3208 alias
797 3161 845 3208 res
878 3144 977 3210 omnis
997 3143 1127 3207 'curiosa
1154 3141 1205 3206 in-

89 3246 255 3328 quisitione
276 3247 453 3324 conlustrat‚
478 3266 513 3310 er
535 3247 708 3312 uiuentium
729 3264 854 3312 numero
875 3247 966 3312 index
981 3246 1098 3333 decedit
1113 3248 1204 3328 atque

194 3417 461 3487 umbaz&

125 3557 312 3612 2miserarum
329 3555 356 3608 P
373 3571 434 3609 corr
553 3557 582 3610 in
599 3555 658 3610 odd
673 3556 727 3610 Sob
845 3558 927 3612 4'nos
945 3561 1035 3628 gentis
1054 3562 1122 3616 Sub:
1139 3579 1202 3618 nos·

88 3643 175 3697 centis
192 3642 220 3695 P
326 3641 342 3694 6
361 3641 474 3695 hesitare
492 3642 519 3695 P
624 3642 821 3711 circumspicere
838 3643 1069 3700 Hildebroadc'ae:
1093 3649 1202 3702 circum·

89 3730 201 3783 sciscere
212 3728 239 3781 P
250 3727 448 3782 circumhiscere
461 3727 515 3782 Sao
527 3728 735 3782 circumscribere
746 3729 862 3782 adnotes
953 3731 1122 3800 tergiuersari
1135 3735 1204 3790 Sabe

88 3815 237 3882 tergiuersa
254 3815 282 3867 P
382 3814 398 3866 7
416 3813 563 3867 Alimontia
581 3813 671 3867 Sclm:
689 3813 814 3868 alimonia
831 3816 859 3869 P
875 3816 1014 3871 alimoniae
1032 3817 1094 3884 aaa,
1112 3836 1127 3873 r
1144 3821 1203 3874 Ali-

88 3900 191 3954 muntis
210 3901 339 3954 Paterae
474 3897 491 3952 8
513 3899 617 3966 phallos
635 3897 726 3954 sarm.-
749 3899 832 3954 uallos
849 3902 876 3955 P
898 3900 1062 3971 ithyphallos
1079 3903 1135 3959 sao

88 3986 125 4040 13
142 3987 210 4039 esset
222 3985 292 4039 Sat:
309 3987 396 4038 essent
408 3983 436 4038 P
536 3985 570 4038 14
586 3984 671 4038 nisius
684 3985 711 4038 P
811 3987 838 4039 ct
852 3985 993 4042 Semeleius
1005 3987 1084 4044 Liber
1095 3993 1202 4048 secuda

88 4071 207 4127 mosas
309 4069 679 4126 LibereecloettSteroeolrias
778 4071 811 4126 15
822 4071 964 4142 inquirere:
977 4073 1022 4130 sed
1034 4075 1204 4147 Sobriuqni-

89 4160 162 4213 reret
179 4161 206 4212 et
223 4157 250 4212 P
360 4158 392 4211 l'l
410 4173 567 4227 prosumnus
585 4156 613 4211 P
715 4158 941 4214 recaredus?
1048 4161 1082 4216 20
1098 4167 1202 4231 gereret

93 4245 153 4311 θεῖ,
164 4261 194 4298 r:
218 4243 320 4312 gereret
337 4245 365 4298 et
382 4243 410 4298 P
535 4243 568 4296 21
587 4243 672 4312 carpit
689 4244 717 4297 P
733 4259 795 4298 corr
813 4248 835 4298 ο*
961 4245 994 4300 22
1012 4263 1116 4318 compos
1134 4248 1204 4304 Sao.-

89 4347 188 4398 coupos
205 4329 275 4385 siP
391 4329 424 4383 23
445 4329 610 4397 expeditionis
629 4327 683 4382 aas
802 4329 925 4385 redeisset
941 4333 968 4386 P
1083 4350 1202 4403 prosum.
1322 4377 1328 4387 ,

89 4451 141 4489 nus
159 4435 186 4488 P
286 4434 320 4488 25
338 4433 438 4487 omneis
455 4431 518 4486 cet.-
537 4432 648 4485 omniP
737 4431 970 4491 26numcroSab:
988 4419 1137 4492 numerfiP

88 4520 167 4575 index
179 4519 336 4574 Heroides:
355 4518 432 4572 index
449 4517 510 4572 inde
522 4517 549 4572 P
565 4516 643 4571 index
653 4517 701 4572 ille
715 4517 766 4574 aaz
867 4521 967 4574 decedit
984 4521 1049 4576 Urs.-
1067 4522 1164 4577 decidit
1177 4527 1207 4580 P
