2916 5010
247 485 289 550 96
549 480 691 536 Arnobii
714 480 873 535 aduersus
900 482 1061 535 nationes

248 655 292 740 [id
314 659 361 720 est
383 652 482 742 sapor]
507 654 538 718 et
560 655 668 732 cetera,
692 652 877 734 qualitatum
902 651 1067 718 distantias
1087 653 1198 735 quibus
1214 671 1249 717 ex
1268 652 1368 718 ratio-

247 757 337 822 nibus
359 756 495 823 ducant?
522 773 558 820 er
579 756 753 835 elementis,
782 756 925 839 inquitis,
949 758 981 821 et
1001 775 1038 821 ex
1058 756 1279 840 principalibus
1301 755 1366 820 ori-

247 861 369 946 ginibus
397 879 509 926 rerum.
544 877 649 925 amara
671 861 743 924 sunt
769 859 851 924 enim
874 859 1027 925 elementa
1047 859 1098 924 uel
1120 860 1237 936 (1111111,
1258 859 1363 925 odoris

246 969 320 1029 sunt
347 963 478 1029 alicuius
506 965 558 1028 uel
585 961 711 1040 coloris,
744 962 786 1027 ut‘
802 981 847 1027 er·
860 981 965 1028 eorum
992 963 1179 1029 concretione
1202 961 1363 1028 credamus

245 1066 375 1149 partitas
408 1084 473 1130 esse
500 1065 534 1129 in
561 1064 757 1130 nascentibus
790 1065 955 1146 qualitates
988 1065 1097 1148 quibus
1133 1067 1188 1131 aut
1220 1065 1362 1130 suauitas
1391 1087 1405 1126 ι

195 1173 237 1235 tt
246 1169 382 1235 nascitur
404 1170 458 1232 aut
480 1167 618 1232 sensibus
641 1166 767 1232 offensio
795 1169 1009 1250 comparatur?
1042 1186 1111 1233 cum
1131 1168 1229 1253 igitur
1250 1170 1282 1233 et
1303 1179 1361 1234 uos

244 1274 327 1356 ipsos
350 1272 505 1338 tantarum
528 1290 563 1336 ac
584 1272 633 1336 tot
654 1288 757 1334 rerum
779 1271 901 1354 fugiant
922 1271 1070 1355 origines,
1094 1270 1216 1356 fugiant
1238 1289 1361 1352 causae,

250 1377 373 1462 fugiant
400 1377 545 1454 rationes,
574 1393 671 1457 nsque
699 1375 797 1442 dicere
820 1395 917 1458 neque
939 1377 1100 1470 explanare
1128 1375 1262 1458 possitis,
1287 1376 1364 1457 quid

253 1480 295 1544 sit
321 1480 438 1545 factum
471 1482 524 1544 aut
558 1497 667 1560 quare,
701 1483 755 1544 aut
788 1497 842 1543 cur
873 1478 1040 1561 oportuerit
1072 1497 1146 1543 non·
1163 1497 1242 1557 esre,
1276 1497 1365 1544 uere-

253 1583 396 1647 cundiam
422 1581 597 1648 conuellitis
625 1584 655 1646 et
682 1581 856 1646 dilaceratis
882 1586 1034 1659 nostram,
1064 1583 1116 1664 qui
1144 1600 1222 1662 quae
1247 1599 1403 1662 neque-m

160 1698 234 1751 tosb
244 1688 301 1749 unt
334 1684 406 1749 sciri
439 1685 556 1748 nescire
588 1703 641 1748 nos
674 1683 853 1748 confitemur
887 1703 984 1766 neque
1015 1703 1049 1748 ea
1075 1685 1249 1765 conquirere
1274 1681 1280 1768 Ι
1305 1685 1363 1748 aut

240 1787 427 1870 inuestigare
454 1805 597 1851 curamus
619 1804 696 1868 quae
723 1787 935 1869 comprehendi
956 1785 1198 1868 liquidissimum
1223 1787 1270 1850 est
1295 1803 1359 1850 non

241 1908 344 1972 posse,
367 1889 508 1971 quamuis
530 1889 618 1954 mille
640 1909 694 1971 per
716 1890 807 1954 eorda
830 1889 960 1971 suspicio
983 1890 1172 1972 seporrigat
1193 1890 1285 1970 atque
1307 1889 1360 1952 in-

241 1993 349 2058 tendat
370 1992 513 2058 humana.
548 1994 580 2056 et
601 1992 668 2058 ideo
691 1992 831 2058 Christus
853 1992 927 2059 lieet
942 1992 1029 2060 uobis
1043 1993 1152 2058 inuitis
1168 1993 1251 2070 deus,
1271 1991 1360 2068 deus,

240 2097 376 2178 inquam,
397 2094 538 2160 Christus
553 2133 594 2142 -
609 2096 665 2161 hoc
680 2096 764 2160 enim
778 2113 865 2176 saepe
880 2095 1040 2160 dicendum
1056 2099 1111 2174 est,
1134 2096 1171 2159 ut
1184 2093 1361 2161 infidelium
1371 2118 1399 2158 ιε

240 2199 373 2264 dissiliat
395 2200 426 2263 et
448 2199 641 2281 dirumpatur
656 2197 780 2263 auditus
795 2235 835 2246 -
852 2197 900 2263 dei
914 2199 1059 2282 principis
1074 2199 1206 2263 iussione
1226 2199 1358 2278 loquens

239 2303 295 2366 sub
318 2279 451 2366 hominis
473 2301 581 2379 torma,
605 2319 674 2365 cum
697 2301 875 2366 mortalium
890 2301 981 2366 sciret
994 2320 1114 2366 caecam
1129 2319 1195 2366 esse
1208 2303 1357 2365 naturam

239 2422 336 2485 neque
370 2404 468 2468 ullam
501 2421 589 2484 posse
623 2403 875 2484 comprehendere
904 2405 1067 2469 ueritatem
1098 2405 1270 2486 positarum
1297 2421 1356 2466 nec

238 2511 309 2572 ante
337 2508 440 2572 oculos
475 2526 593 2584 rerum,
622 2524 676 2587 pro
709 2508 862 2588 comperto
900 2507 1008 2574 hebere
1039 2508 1071 2571 et
1103 2507 1224 2590 cognito
1261 2505 1357 2588 quid-

237 2611 311 2694 quid
343 2611 402 2675 sibi
432 2629 497 2674 esse
525 2609 673 2675 suasisset
699 2629 762 2674 nec·
783 2627 837 2691 pre
865 2611 928 2675 suis
955 2609 1178 2692 suspicionibus
1199 2609 1396 2674 haesitarem

236 2715 390 2797 litigiosas
422 2731 519 2776 serere
554 2715 643 2794 atque
671 2712 825 2778 intendere
848 2713 1052 2795 quaestiones,
1076 2711 1179 2778 omnia
1207 2713 1268 2776 ista
1296 2727 1356 2776 nos

236 2818 374 2898 linquere
396 2819 427 2880 et
449 2814 631 2896 posthabere
653 2816 806 2898 praecepit
829 2835 926 2898 neque
945 2815 979 2879 in
1002 2835 1050 2880 res
1072 2833 1122 2880 eas
1144 2832 1222 2896 quae
1247 2814 1309 2880 sint
1334 2833 1354 2878 a

235 2923 342 2985 nostra
363 2917 469 3001 procul
497 2919 668 3001 cognitione
695 2918 829 2984 dimotas
856 2918 1057 2984 infructuosas
1083 2918 1243 2983 inmittere
1265 2917 1352 2999 cogi-

236 3023 376 3100 tationes,
399 3021 461 3099 sed,
485 3021 635 3102 qnantum
656 3019 722 3084 fieri
744 3020 826 3101 potis
849 3021 905 3098 est,
927 3021 965 3085 ad
985 3021 1142 3087 domiuum
1165 3038 1268 3084 rerum
1282 3020 1353 3082 tota

235 3128 336 3191 mente
370 3125 461 3206 atque
493 3123 595 3188 animo
625 3123 790 3204 proficisci,
825 3124 946 3188 sustolli
973 3124 1012 3188 ab
1034 3123 1082 3188 his
1103 3123 1178 3188 locis
1201 3123 1294 3204 atque
1316 3121 1354 3187 in
1367 3151 1395 3192 ss

236 3248 307 3293 eum
328 3229 485 3293 traducere
508 3243 672 3310 suspensas
694 3225 826 3309 pectoris
850 3227 1067 3307 conuersiones,
1088 3227 1269 3291 memoriam
1285 3224 1355 3289 eius

238 3327 350 3396 habere
377 3331 555 3414 perpetuam
583 3332 613 3393 et
640 3328 714 3392 licet
740 3328 828 3393 nulla
855 3330 950 3412 possit
971 3330 1191 3414 imaginatione
1213 3329 1356 3407 formari,

173 3483 177 3500 ,
239 3453 328 3502 auras
355 3436 458 3500 tamen
487 3434 691 3516 nescioquas
719 3431 785 3497 eius
815 3432 874 3498 sibi
897 3431 1162 3516 contemplationis
1185 3431 1358 3514 adfingere:

238 3539 329 3604 rebus
359 3539 440 3603 enim
468 3557 503 3602 ex
529 3535 687 3611 omnibus,
722 3553 797 3617 quas
831 3539 979 3621 augustas
1011 3537 1147 3601 continet
1177 3533 1358 3622 diuinitatis

231 3766 234 3784 η
267 3810 282 3864 1
300 3807 328 3862 id
346 3809 386 3861 est
409 3822 486 3876 sapor
503 3806 612 3860 seclusit
629 3805 785 3860 Heroides:
807 3808 840 3858 ut
862 3809 903 3860 est
920 3809 997 3875 sapor
1014 3807 1156 3862 Macestus
1262 3805 1291 3859 id
1309 3809 1357 3860 est

233 3909 309 3962 sapor
327 3896 355 3946 et
373 3891 467 3960 cetera]
488 3891 551 3945 odor
568 3893 595 3944 et
614 3891 692 3957 color,
710 3895 738 3946 et
761 3891 813 3946 Urs
936 3892 1029 3946 311111ι
1047 3892 1075 3945 P
1195 3891 1212 3944 4
1229 3891 1273 3944 uel
1290 3889 1354 3944 odd

235 3978 286 4034 eet
387 3977 467 4031 oloris
486 3976 542 4030 Sub
560 3976 689 4048 colorisue
713 3977 765 4032 Ure
874 3977 955 4032 itaut
973 3977 1075 4030 factum
1093 3975 1169 4030 Sutm
1280 3985 1358 4046 opo*-

232 4065 317 4118 tuerit
328 4063 415 4118 nossP
507 4077 561 4116 esse
574 4065 686 4116 autnon
700 4062 973 4116 esseKtossoeuuoous
1069 4059 1244 4129 lo'nequeunc
1257 4059 1285 4113 P

233 4149 266 4203 13
282 4147 349 4200 mille
367 4148 394 4202 P
513 4147 546 4200 14
563 4146 639 4200 uobis
661 4147 725 4202 Get.-
751 4149 780 4200 in
797 4147 872 4202 uobis
891 4148 921 4201 P>
1035 4147 1070 4200 20
1087 4147 1139 4200 sini
1157 4146 1185 4199 P
1303 4161 1356 4200 nec

232 4250 278 4302 pro
302 4234 365 4303 suis]
390 4236 417 4287 et
437 4248 545 4303 prorsus
564 4234 617 4287 Sub
735 4235 768 4288 21
785 4232 936 4304 questiones
954 4234 981 4288 P
1094 4232 1128 4286 24
1145 4233 1207 4300 pote
1226 4231 1281 4287 ouo

231 4320 265 4373 28
283 4319 517 4388 contemplationis
536 4319 604 4374 Sub.-
626 4310 859 4388 contemptationis
877 4320 905 4373 P
1112 4314 1117 4340 ³
