2916 5010
270 424 329 490 162
567 421 711 476 Arnobii
733 419 892 475 aduersus
915 420 1073 474 nationes

266 614 346 661 nnus
365 595 426 670 est,
456 593 509 676 qni
531 592 570 658 ab
593 591 725 658 Hercule
747 591 853 658 Ditem
874 592 994 674 patrem
1016 592 1047 656 et
1068 591 1206 674 reginam
1228 593 1380 654 memorat

265 697 435 764 sauciatam
462 713 527 761 esse
555 695 726 760 Iunonem?
758 712 819 760 non
847 692 1020 778 uiraginem
1047 694 1085 760 ab
1109 692 1223 777 Ornyto
1257 711 1380 759 caesam

265 804 455 867 cruentatam
484 803 626 865 namtam
654 797 828 864 Polemonis
855 798 951 864 uestri
977 797 1118 864 indicent
1150 798 1287 880 scripta?
1320 815 1381 862 non

264 905 302 969 ab
330 902 550 985 Hippocoontis
577 902 683 968 liberis
712 903 815 985 ipsum
844 897 981 968 menius
1009 901 1177 966 Herculem
1206 901 1381 966 cruciatum

264 1007 406 1073 retulisse
428 1005 608 1090 pronuntiat
631 1008 662 1073 et
685 1005 776 1070 inlati
791 1005 928 1070 uulneris
944 1005 974 1068 et
990 1003 1125 1069 doloris?
1147 1005 1228 1087 apud
1243 1004 1381 1068 insulam
1400 1034 1407 1069 e

263 1109 386 1175 Cretam
417 1110 592 1192 sepulturae
623 1127 690 1174 esse
717 1109 898 1174 mandatum
920 1108 1028 1173 Iouem
1052 1107 1139 1172 nobis
1167 1106 1289 1172 editum
1315 1107 1381 1171 tra-

248 1213 370 1279 ·ditur?
392 1213 425 1278 iu
449 1211 608 1295 Spartanis
630 1213 661 1276 et
681 1211 929 1278 Lacedaemoniis
951 1211 1065 1278 finibus
1087 1228 1142 1274 nos
1158 1209 1291 1274 dicimus
1307 1227 1380 1274 con-

262 1317 343 1382 ditos
372 1317 405 1382 in
434 1317 521 1381 cunis
551 1315 678 1381 coalitos
707 1315 839 1380 fratres?
874 1316 978 1380 noster
1010 1313 1065 1378 ille
1094 1317 1141 1379 est
1171 1314 1295 1390 auctor,
1328 1313 1381 1394 qui

262 1419 416 1484 Patrocles
439 1419 571 1484 Thurios
594 1419 779 1502 scriptorum
801 1418 834 1484 iu
855 1418 958 1484 titulis
980 1418 1143 1495 indicatur,
1167 1417 1220 1499 qui
1240 1417 1380 1480 tumulos

262 1525 410 1587 memorat
444 1521 650 1605 reliquiasque
678 1521 839 1588 Saturnius
867 1522 978 1587 tellure
1007 1522 1040 1586 in
1068 1519 1172 1586 Sicula
1205 1520 1406 1586 contineriln

261 1625 467 1709 Hieronymus
490 1657 539 1691 *a*
561 1624 747 1691 Plutarchus
773 1627 947 1690 nostrarum
974 1643 1041 1711 osse
1067 1624 1204 1708 partium
1237 1640 1380 1706 compro-

262 1729 366 1806 batur,
401 1727 454 1810 qui
486 1729 519 1792 in
548 1726 670 1794 Oetacis
701 1728 868 1793 uerhoibus
900 1727 1065 1794 Herculem
1097 1728 1167 1810 post
1199 1711 1379 1792 morborum

214 1843 253 1906 aa
262 1831 467 1896 comitialium
489 1832 593 1896 ruinas
616 1832 801 1897 dissolutum
822 1831 855 1896 in
878 1831 1008 1896 cinerem
1029 1829 1186 1912 prodidit?
1208 1829 1379 1912 namquid

261 1936 297 2000 de
318 1935 383 1998 illis
405 1933 561 1999 amoribus
588 1935 691 2000 dicam
718 1934 829 2016 quibus
856 1934 888 1998 in
916 1933 1046 1999 feminas
1070 1935 1190 1998 sanctos
1210 1932 1379 1998 incaluisse

260 2037 404 2102 caelestes
427 2037 539 2102 uestris
562 2037 721 2120 proditum
743 2037 858 2102 litteris
881 2038 973 2119 atque
988 2034 1164 2101 auctoribus
1180 2035 1405 2102 contineturln

177 2159 195 2210 r.
206 2138 270 2226 911¹!
295 2142 444 2222 numquid
461 2141 560 2206 ,euim
593 2160 613 2206 a
644 2141 732 2206 nobie
770 2140 913 2224 arguitur
949 2159 1000 2204 rer
1038 2138 1133 2204 maris
1166 2138 1379 2220 Amphitrites

260 2241 449 2325 Hippothoas
491 2243 678 2326 Amymones
716 2244 908 2326 Menapras
952 2243 1105 2326 Alcyonae
1147 2261 1202 2326 per
1240 2241 1379 2306 furiosae

259 2345 439 2428 cupiditatis
461 2347 600 2412 ardorem
623 2346 820 2412 castimoniae
842 2346 1023 2430 uirginitate
1043 2345 1203 2428 priuasse?
1224 2345 1380 2426 numquid

258 2448 369 2532 Apollo
391 2448 537 2514 Latonius
559 2449 778 2514 immaculatus
800 2449 863 2526 ille,
887 2448 1079 2514 castissimus
1093 2448 1185 2530 atque
1199 2465 1299 2529 purus
1315 2446 1378 2512 Ar·

258 2551 359 2616 sinoce
381 2551 536 2616 Aethusae
564 2552 753 2636 Hypsipyles
775 2553 959 2634 Marpessos,
982 2552 1153 2635 Zeuxippes
1168 2552 1201 2616 et
1214 2551 1408 2628 Prothoasa

257 2654 402 2735 Daphnes
429 2653 461 2717 et
483 2653 624 2737 steropas
653 2655 819 2720 inconsulti
845 2655 977 2738 pectoris
998 2655 1151 2737 adpetisse
1178 2653 1380 2720 feruoribus?

256 2758 406 2838 numquid
429 2776 523 2822 senor
544 2757 694 2824 Saturnus
716 2759 897 2824 iamdudum
919 2758 1037 2822 obsitus
1060 2758 1142 2823 canis
1164 2759 1257 2840 atque
1280 2775 1378 2822 anno-

256 2877 325 2924 rum
353 2861 508 2925 uetustate
536 2861 599 2926 iam
627 2859 757 2945 frigidus
790 2863 903 2930 nostris
936 2861 1124 2926 carminibus
1152 2861 1311 2926 indicatur
1339 2861 1378 2924 ab

257 2963 401 3028 uxorein
423 2962 574 3028 adulterio
602 2964 835 3046 comprehensus
862 2964 999 3030 induisse
1026 2964 1158 3029 formam
1181 2963 1239 3029 feri
1262 2965 1295 3028 et
1317 2964 1377 3028 sub

255 3066 372 3148 pecoris
394 3067 493 3148 specie
514 3067 684 3132 hinnitibus
707 3068 877 3133 enolauisse
899 3068 1045 3133 iactatis?
1071 3068 1210 3150 Iuppiter
1232 3067 1302 3149 ipse
1323 3086 1405 3130 rene

208 3190 212 3206 ¹
255 3167 365 3232 mundi
387 3185 486 3250 nonne
509 3189 527 3234 e
548 3171 635 3236 uobis
664 3170 789 3236 infamis
812 3174 860 3235 cst
882 3170 942 3236 isse
972 3189 1025 3254 per
1051 3171 1231 3236 innumeras
1258 3171 1376 3251 species

356 3303 541 3370 oleata
643 3305 832 3371 81.c.a,3o
933 3307 1134 3374 lernaea

291 3422 564 3479 lhcrculemPcorr
674 3427 857 3496 Huiraginem
874 3426 1054 3482 Mineruam?
1164 3428 1263 3482 laesam
1275 3429 1375 3482 Meur-

255 3510 312 3562 eias
407 3511 607 3580 4ippocoonris
624 3513 652 3567 P
747 3515 809 3588 bet
826 3513 933 3583 doloris]
953 3514 1054 3568 dolores
1072 3515 1213 3584 Ripalta'as
1312 3515 1375 3567 ‘let

255 3594 465 3650 Lacedaemoniis
492 3599 598 3654 seclusit
621 3601 737 3654 madias
871 3603 888 3655 9
914 3601 1029 3654 Thurios
1059 3602 1203 3668 Caeteros,
1231 3601 1300 3667 Urs:
1324 3601 1374 3654 hn-

255 3681 351 3734 riusP
423 3684 454 3736 11
466 3684 623 3755 heronymus
636 3688 735 3742 Pcorr
747 3685 912 3741 Chaeroneae
924 3687 979 3742 Sub
1053 3687 1306 3756 lacuanmea'pauai

252 3763 409 3834 plutharcus
433 3769 460 3823 P
488 3773 516 3824 ct
537 3773 711 3827 Dicaearchus
735 3774 882 3843 Noarrpce
915 3775 962 3827 aut
986 3773 1162 3828 Dicaearchus
1187 3775 1306 3828 Zialrius

256 3852 288 3905 12
311 3855 424 3908 oaotaeis
447 3856 476 3910 P
593 3861 625 3914 13
649 3859 824 3914 comitialium
849 3859 914 3926 Sub,
937 3878 968 3913 r:
990 3860 1155 3915 comitalinru
1174 3861 1202 3915 P
1319 3863 1374 3915 iam

255 3937 397 3994 Mcarea'ac
510 3944 542 3997 16
559 3945 682 4012 numquit
700 3947 728 3999 P
744 3961 820 3999 coru:
845 3946 883 4000 sic
903 3945 984 4011 dafua
999 3963 1103 4016 semper
1216 3949 1374 4017 ampitritae

255 4021 283 4076 P
299 4039 390 4080 corrr
500 4030 532 4083 17
549 4029 716 4099 Hippothoas
738 4031 801 4085 Get:
829 4031 970 4100 hippoooas
987 4033 1015 4086 P
1120 4035 1283 4103 Amymones
1307 4036 1374 4090 Gal:

254 4112 627 4180 ampymonesPAmimonas
641 4115 697 4170 Sub
796 4118 894 4186 Alopes
904 4118 1068 4189 Menalippes
1085 4119 1137 4176 Ure
1237 4122 1374 4192 Alcyonas

255 4193 326 4250 dab.-
349 4199 469 4254 alcconas
487 4201 515 4254 P
537 4200 635 4269 Alopes
655 4201 730 4255 Sulca
874 4205 907 4258 18
924 4204 1082 4260 castimonia
1099 4221 1129 4260 ac
1146 4207 1311 4276 uirginitate
1327 4211 1374 4264 acl

254 4282 410 4338 castimonia
427 4286 595 4355 uirginitatis
606 4286 746 4342 Meuaniae
847 4289 881 4344 20
892 4290 1023 4345 Aethusae
1041 4291 1107 4346 Urs:
1125 4293 1234 4363 ethysas
1247 4295 1275 4348 P
1286 4296 1372 4364 Chry·

254 4369 364 4424 sasSub
462 4371 607 4441 Zeuxippes
625 4371 691 4428 Ure:
708 4373 843 4444 zeusippas
856 4376 884 4429 P
978 4377 1127 4432 241ndnise
1140 4381 1168 4434 P
1265 4382 1372 4452 proc»

252 4454 319 4508 toris
337 4455 365 4509 P
382 4471 444 4510 corr
543 4457 577 4511 26
594 4457 737 4514 miamatus
757 4460 894 4516 creatus
