2888 5008
231 441 296 512 232
534 442 674 498 Διιιοιιιι
697 441 861 498 aduersus
883 441 1040 498 nationes

231 616 337 698 aperta
357 616 496 696 delubra,
526 635 562 684 aa
583 616 610 682 si
631 617 705 702 quid
726 635 745 681 a
766 615 910 702 quopiam
939 615 1102 683 temeraria
1123 615 1216 682 inerit
1237 615 1350 681 fraude

231 719 426 805 subreptum,
455 720 522 786 uim
550 720 686 786 numinis
713 721 884 786 monstrent
911 721 943 786 et
971 720 1028 786 suh
1055 721 1122 803 ipso
1144 719 1222 785 furti
1252 720 1349 802 atque

231 822 331 906 operis
345 853 361 888 ι
377 823 500 890 nomine
521 823 685 908 seenlegos
699 824 804 907 poenis
819 824 1071 890 conuenientibus
1086 823 1194 908 ligant.
1216 822 1350 906 indigna

231 924 313 991 enim
335 944 384 992 res
405 927 453 992 eet
473 928 505 992 et
525 927 694 1011 potentiam
716 927 876 994 destruens
898 927 1185 1009 auctoritatemque,
1207 944 1351 992 summo-

230 1045 299 1094 rum
328 1030 499 1096 eusboiam
526 1029 689 1096 numinum
718 1047 830 1096 canum
855 1029 1118 1097 sollicitudinibus
1147 1029 1286 1108 credere,
1320 1032 1383 1094 etr

232 1147 302 1198 oum
323 1131 459 1215 aliquam
479 1151 607 1216 quaeres
627 1132 824 1217 prohibendis
846 1131 1041 1199 formidinem
1063 1131 1200 1210 iuribus,
1222 1148 1286 1196 non
1311 1130 1352 1196 ab

231 1233 307 1317 ipsis
335 1238 439 1317 petere
472 1235 524 1300 sed
551 1235 585 1300 in
606 1253 747 1302 anserum
776 1254 887 1318 ponere
909 1238 941 1301 et
969 1235 1118 1302 collocare
1146 1233 1353 1320 gingritibus

181 1330 419 1404 21Antioohum
439 1336 624 1423 Cyzicenum
651 1339 754 1404 ierunt
778 1340 885 1404 decern
905 1338 1082 1405 cubitorum
1104 1338 1212 1404 Iouem
1233 1356 1272 1402 er
1294 1337 1353 1403 de-

134 1442 319 1508 r.rer¹³lubro
351 1459 478 1507 aureum
510 1441 673 1508 sustulisse
702 1443 733 1509 et
762 1461 799 1508 er
827 1461 896 1508 aare
924 1442 1085 1507 bratteolis
1118 1441 1354 1528 {substituisse

232 1546 380 1612 fucatum.
413 1546 440 1612 si
461 1545 494 1611 in
516 1545 690 1612 simulacris
711 1547 834 1630 praesto
856 1547 930 1611 sunt
945 1545 1037 1628 atque
1052 1545 1197 1612 habitant
1211 1545 1257 1610 dii
1272 1545 1351 1627 suis,
1363 1573 1384 1612 ιι

231 1649 342 1731 quibus
366 1649 497 1732 negotiis
518 1648 672 1733 Iuppiter,
704 1649 816 1732 quibus
846 1649 926 1714 curis
956 1648 1057 1714 fuerat
1082 1648 1248 1733 inligatus,
1272 1667 1352 1732 quo-

232 1753 336 1818 minus
362 1753 500 1836 priuatas
528 1755 761 1836 persequeretur
790 1751 918 1818 iniurias
948 1754 979 1818 ot
1007 1751 1202 1835 subpositum
1230 1771 1265 1819 se
1287 1751 1352 1818 sibi

223 1853 348 1925 uiliore*
361 1855 395 1920 in
417 1854 546 1921 materia
567 1856 761 1922 uindioaretr
793 1855 958 1939 Dionysius
979 1855 1035 1920 ille
1057 1854 1109 1920 sed
1128 1854 1247 1933 iunior,
1277 1874 1353 1921 curn

232 1959 384 2024 uelamine
410 1975 500 2024 aureo
528 1959 674 2040 spoliaret
695 1959 803 2024 Iouem
824 1962 856 2025 et
878 1977 933 2042 pro
954 1959 1013 2023 illo
1039 1959 1164 2023 laneum
1189 1958 1351 2038 subderet,
1435 1935 1436 2028 l

231 2059 416 2127 iocularibus
445 2060 540 2128 etiam
569 2060 690 2127 facetiis
711 2061 832 2139 ludens,
854 2079 924 2128 cum
947 2079 1013 2126 esse
1034 2061 1114 2126 illud
1134 2061 1169 2126 in
1190 2061 1383 2145 rigoribuso

233 2162 382 2248 algidum,
410 2163 647 2248 menaporum,
676 2181 836 2231 onerosum
864 2164 944 2230 illud
965 2165 998 2230 in
1021 2164 1192 2230 aestatibus
1222 2163 1351 2244 diceret,

231 2268 289 2333 hoc
308 2285 414 2332 rursus
436 2267 493 2332 sub
521 2267 681 2334 ardoribus
710 2266 832 2334 flabile:
866 2268 992 2333 ubinam
1014 2269 1113 2336 fuerat
1133 2287 1186 2333 rer
1207 2267 1291 2352 poli,
1315 2268 1355 2333 ut

232 2372 422 2453 praesentem
450 2389 481 2436 se
510 2389 575 2436 esse
597 2370 760 2436 formidine
786 2370 890 2454 aliqua
915 2371 1112 2454 conprobaret
1140 2372 1172 2437 et
1192 2371 1353 2438 urbanum

235 2474 403 2557 scurrulam
426 2473 611 2540 cruciatibus
635 2475 792 2540 reuocaret
812 2475 966 2540 absonia?
987 2495 1059 2542 nam
1076 2475 1150 2558 quid
1167 2476 1351 2558 Aesculapii
1434 2513 1435 2522 ι

234 2576 422 2660 grauitatem
443 2577 482 2642 ab
505 2594 539 2642 eo
562 2595 626 2644 esse
647 2595 883 2644 commemorem
905 2578 1021 2643 risam?
1044 2597 1135 2661 quern
1157 2597 1228 2643 cum
1249 2577 1383 2645 barban

234 2680 378 2762 spoliaret
406 2679 599 2762 amplissima
627 2681 699 2746 boni
728 2679 871 2765 ponderis
893 2682 924 2746 et
945 2680 1144 2765 philosophae
1170 2681 1350 2760 densitatis,

233 2779 351 2849 facinus
372 2799 435 2848 esse
457 2783 577 2849 dicebat
606 2783 784 2867 indignum,
814 2803 850 2849 er
872 2783 1018 2868 Apolline
1043 2786 1237 2870 procreatum
1258 2787 1351 2868 patre

232 2885 296 2951 leui
317 2886 349 2951 et
371 2885 476 2971 glabro
499 2886 718 2969 simillimoque
739 2887 878 2969 inpuberi
900 2888 945 2953 ιιι
967 2889 1129 2955 barbatum
1144 2887 1246 2953 filium
1261 2888 1350 2974 fingi,

233 2988 324 3055 utin
345 2989 471 3071 ancipiti
499 2989 704 3071 relinquatur,
735 2991 804 3055 uter
833 2985 938 3056 eorum
959 2993 1046 3074 pater
1068 2992 1126 3070 ιιι,
1157 2991 1227 3056 uter
1249 2991 1348 3077 iilius,

232 3091 328 3156 imm0
349 3109 389 3156 an
410 3091 472 3156 sint
493 3091 613 3176 generis
635 3092 667 3156 et
688 3093 878 3176 cognationis
899 3094 1016 3159 unius?
1048 3113 1127 3176 quae
1149 3113 1220 3159 oum
1243 3095 1380 3161 omnies

233 3194 342 3260 fierent
363 3195 395 3258 et
416 3211 487 3259 eum
508 3195 665 3279 sacrilegis
687 3195 798 3277 praedo
819 3196 1017 3262 inrisionibus
1037 3197 1249 3276 iocaretur,.si
1271 3198 1348 3264 sub-

233 3297 299 3363 erat
327 3297 499 3362 numenio
528 3297 630 3362 statua
658 3298 774 3362 nomini
805 3299 870 3364 eius
892 3300 1106 3382 maiestatique
1133 3303 1269 3380 saerata,
1293 3319 1348 3367 eur

234 3401 295 3466 oris
326 3400 543 3466 contumeliam
570 3400 702 3485 lenigati
724 3403 754 3465 ιι
775 3400 967 3469 dehonestati
997 3401 1104 3468 uultus
1127 3421 1188 3467 non
1210 3402 1295 3469 iusta
1315 3404 1349 3470 ιι

233 3505 343 3570 merita
362 3505 537 3589 persecutus
558 3504 607 3569 est
627 3504 744 3570 ultione
765 3503 1049 3589 demonstrauitque
1071 3505 1129 3570 hoe
1142 3506 1236 3587 facto,
1259 3507 1348 3572 etse
1432 3527 1433 3584 l

333 3643 351 3698 8
368 3657 425 3713 sqq.
442 3643 461 3698 1.
480 3658 502 3696 e.
519 3641 545 3707 4,
563 3642 596 3696 52

266 3764 282 3817 1
300 3763 324 3818 ιι
340 3763 404 3834 quid
421 3779 437 3817 a
453 3761 576 3832 quopiam
590 3762 659 3818 Sabe
676 3763 700 3818 ιι
717 3763 797 3833 quida
813 3765 914 3833 copiam
926 3765 954 3820 P
1043 3765 1060 3820 3
1077 3765 1204 3820 Zoomacm
1220 3767 1349 3837 eipnoua':

105 3859 107 3864 '
232 3849 353 3904 scelerosi
368 3848 414 3904 cel
430 3848 638 3903 dodobertum
655 3849 824 3905 iatercrdiese
836 3850 963 3919 ιιιιιιιιιι,
1049 3851 1157 3905 crimine
1168 3853 1215 3907 acal
1231 3852 1348 3908 momine

237 3935 289 3991 Urs
402 3934 499 4003 higant
514 3934 655 3990 Maerens
768 3936 783 3989 7
801 3935 966 4006 gingritibus
984 3935 1054 3992 Sabe
1072 3936 1237 4005 glnglitibus
1254 3938 1283 3992 P

231 4021 421 4091 ecyriesnum
441 4020 505 4075 Gal.-
527 4023 682 4090 cyrigenum
698 4021 726 4075 P
839 4022 990 4091 quindecim
1013 4022 1065 4078 Ure
1176 4023 1210 4078 10
1227 4023 1347 4080 ιιιιιιιιιιι
1431 4019 1432 4040 ³

232 4107 301 4163 ooo:
318 4107 478 4177 iugath
576 4107 614 4161 sis
626 4108 654 4162 P
755 4107 788 4160 13
805 4107 980 4177 dyonisiusP
1082 4109 1211 4164 larrium
1223 4108 1277 4164 eac

231 4193 255 4246 ιι
273 4193 301 4248 Ρ
400 4193 434 4248 16
450 4209 577 4262 naporum
595 4191 685 4246 Sctm:
702 4207 825 4260 uaporem
843 4194 871 4248 P
886 4210 1029 4264 uaporeum
1046 4194 1100 4250 Sub
1206 4195 1241 4250 21
1258 4195 1347 4265 philo·

231 4277 327 4347 sophae
343 4277 575 4334 Hddebroadics:
592 4276 774 4347 philosophiae
791 4278 819 4333 P
834 4279 1037 4349 phylosophieae
1056 4281 1111 4337 Sub
1237 4281 1271 4336 hb
1289 4281 1346 4338 sint

232 4363 305 4419 Sob:
324 4355 359 4416 sit
376 4364 404 4419 Ρ
503 4366 536 4420 26
554 4365 684 4420 locaretur
706 4363 771 4419 Ure:
792 4365 941 4434 loqueretur
958 4367 986 4421 P
