<?xml version="1.0" encoding="UTF-8"?>
<!DOCTYPE html PUBLIC "-//W3C//DTD XHTML 1.0 Transitional//EN"
    "http://www.w3.org/TR/xhtml1/DTD/xhtml1-transitional.dtd">
<html xmlns="http://www.w3.org/1999/xhtml" xml:lang="en" lang="en">
 <head>
  <title>
</title>
<meta http-equiv="Content-Type" content="text/html;charset=utf-8" />
  <meta name='ocr-system' content='tesseract 3.04.00' />
  <meta name='ocr-capabilities' content='ocr_page ocr_carea ocr_par ocr_line ocrx_word'/>
</head>
<body>
  <div class='ocr_page' id='page_1' title='image "./corpusscriptoru09wissgoog_0163.png"; bbox 0 0 2916 5010; ppageno 0'>
   <div class='ocr_carea' id='block_1_1' title="bbox 225 434 1030 504">
    <p class='ocr_par' dir='ltr' id='par_1_1' title="bbox 225 434 1030 504">
     <span class='ocr_line' id='line_1_1' title="bbox 225 434 1030 504; baseline -0.012 -7"><span class='ocrx_word' id='word_1_1' title='bbox 225 441 286 504; x_wconf 84' lang='lat'><strong>126</strong></span> <span class='ocrx_word' id='word_1_2' title='bbox 522 434 665 490; x_wconf 78' lang='lat' dir='ltr'><strong>Arnobii</strong></span> <span class='ocrx_word' id='word_1_3' title='bbox 687 435 848 490; x_wconf 81' lang='lat' dir='ltr'><strong>aduersus</strong></span> <span class='ocrx_word' id='word_1_4' title='bbox 874 434 1030 490; x_wconf 85' lang='lat' dir='ltr'><strong>nationes</strong></span> 
     </span>
    </p>
   </div>
   <div class='ocr_carea' id='block_1_2' title="bbox 131 605 1440 3162">
    <p class='ocr_par' dir='ltr' id='par_1_2' title="bbox 131 605 1440 3162">
     <span class='ocr_line' id='line_1_2' title="bbox 155 605 1337 692; baseline -0.002 -18"><span class='ocrx_word' id='word_1_5' title='bbox 155 624 174 676; x_wconf 74' lang='lat' dir='ltr'><strong>r,</strong></span> <span class='ocrx_word' id='word_1_6' title='bbox 185 626 216 676; x_wconf 86' lang='lat' dir='ltr'><strong>ra</strong></span> <span class='ocrx_word' id='word_1_7' title='bbox 225 609 388 675; x_wconf 87' lang='lat' dir='ltr'><strong>auxiliator</strong></span> <span class='ocrx_word' id='word_1_8' title='bbox 412 605 418 692; x_wconf 89' lang='grc' dir='ltr'>Ι</span> <span class='ocrx_word' id='word_1_9' title='bbox 442 605 603 672; x_wconf 88' lang='lat' dir='ltr'><strong>subueniat</strong></span> <span class='ocrx_word' id='word_1_10' title='bbox 622 605 815 688; x_wconf 78' lang='lat' dir='ltr'><strong>Epidaurius.</strong></span> <span class='ocrx_word' id='word_1_11' title='bbox 837 605 1022 688; x_wconf 89' lang='lat' dir='ltr'><strong>parturiunt,</strong></span> <span class='ocrx_word' id='word_1_12' title='bbox 1039 606 1176 687; x_wconf 84' lang='lat' dir='ltr'><strong>pariunt:</strong></span> <span class='ocrx_word' id='word_1_13' title='bbox 1199 608 1235 671; x_wconf 86' lang='lat' dir='ltr'><strong>nt</strong></span> <span class='ocrx_word' id='word_1_14' title='bbox 1250 605 1337 672; x_wconf 89' lang='lat' dir='ltr'><strong>diffi-</strong></span> 
     </span>
     <span class='ocr_line' id='line_1_3' title="bbox 224 709 1338 795; baseline -0.003 -18"><span class='ocrx_word' id='word_1_15' title='bbox 224 713 297 777; x_wconf 88' lang='lat' dir='ltr'><strong>eiles</strong></span> <span class='ocrx_word' id='word_1_16' title='bbox 319 712 547 795; x_wconf 75' lang='lat' dir='ltr'><strong>puerperiorum</strong></span> <span class='ocrx_word' id='word_1_17' title='bbox 561 710 654 774; x_wconf 85' lang='lat' dir='ltr'><strong>tricas</strong></span> <span class='ocrx_word' id='word_1_18' title='bbox 668 709 745 774; x_wconf 93' lang='lat' dir='ltr'><strong>Iuno</strong></span> <span class='ocrx_word' id='word_1_19' title='bbox 759 709 893 774; x_wconf 89' lang='lat' dir='ltr'><strong>mulceat</strong></span> <span class='ocrx_word' id='word_1_20' title='bbox 906 709 1108 791; x_wconf 89' lang='lat' dir='ltr'><strong>corripiatque</strong></span> <span class='ocrx_word' id='word_1_21' title='bbox 1122 709 1244 776; x_wconf 79' lang='lat' dir='ltr'><strong>Lucina</strong></span> <span class='ocrx_word' id='word_1_22' title='bbox 1266 729 1338 775; x_wconf 91' lang='lat' dir='ltr'><strong>rem</strong></span> 
     </span>
     <span class='ocr_line' id='line_1_4' title="bbox 223 812 1336 896; baseline -0.001 -16"><span class='ocrx_word' id='word_1_23' title='bbox 223 816 369 881; x_wconf 78' lang='lat' dir='ltr'><strong>rusticam</strong></span> <span class='ocrx_word' id='word_1_24' title='bbox 391 815 525 880; x_wconf 87' lang='lat' dir='ltr'><strong>tractant</strong></span> <span class='ocrx_word' id='word_1_25' title='bbox 547 817 601 878; x_wconf 90' lang='lat' dir='ltr'><strong>aut</strong></span> <span class='ocrx_word' id='word_1_26' title='bbox 616 815 722 878; x_wconf 90' lang='lat' dir='ltr'><strong>curant</strong></span> <span class='ocrx_word' id='word_1_27' title='bbox 742 812 892 878; x_wconf 82' lang='lat' dir='ltr'><strong>militaria</strong></span> <span class='ocrx_word' id='word_1_28' title='bbox 913 831 1053 878; x_wconf 87' lang='lat' dir='ltr'><strong>munera:</strong></span> <span class='ocrx_word' id='word_1_29' title='bbox 1082 815 1118 878; x_wconf 88' lang='lat' dir='ltr'><strong>ut</strong></span> <span class='ocrx_word' id='word_1_30' title='bbox 1132 814 1264 879; x_wconf 67' lang='lat' dir='ltr'><strong>tamum</strong></span> <span class='ocrx_word' id='word_1_31' title='bbox 1277 833 1336 896; x_wconf 89' lang='lat' dir='ltr'><strong>po-</strong></span> 
     </span>
     <span class='ocr_line' id='line_1_5' title="bbox 223 916 1336 1000; baseline -0.001 -18"><span class='ocrx_word' id='word_1_32' title='bbox 223 923 291 984; x_wconf 88' lang='lat' dir='ltr'><strong>tens</strong></span> <span class='ocrx_word' id='word_1_33' title='bbox 313 919 468 986; x_wconf 80' lang='lat' dir='ltr'><strong>Vulcanus</strong></span> <span class='ocrx_word' id='word_1_34' title='bbox 497 917 662 983; x_wconf 82' lang='lat' dir='ltr'><strong>fabricetur</strong></span> <span class='ocrx_word' id='word_1_35' title='bbox 691 917 739 982; x_wconf 88' lang='lat' dir='ltr'><strong>his</strong></span> <span class='ocrx_word' id='word_1_36' title='bbox 768 933 854 982; x_wconf 85' lang='lat' dir='ltr'><strong>enses</strong></span> <span class='ocrx_word' id='word_1_37' title='bbox 875 917 930 981; x_wconf 89' lang='lat' dir='ltr'><strong>ant</strong></span> <span class='ocrx_word' id='word_1_38' title='bbox 950 916 1030 983; x_wconf 90' lang='lat' dir='ltr'><strong>ruris</strong></span> <span class='ocrx_word' id='word_1_39' title='bbox 1056 916 1241 984; x_wconf 82' lang='lat' dir='ltr'><strong>ferramenta</strong></span> <span class='ocrx_word' id='word_1_40' title='bbox 1261 936 1336 1000; x_wconf 92' lang='lat' dir='ltr'><strong>pro-</strong></span> 
     </span>
     <span class='ocr_line' id='line_1_6' title="bbox 223 1019 1373 1104; baseline -0.004 -19"><span class='ocrx_word' id='word_1_41' title='bbox 223 1022 321 1086; x_wconf 83' lang='lat' dir='ltr'><strong>cudat.</strong></span> <span class='ocrx_word' id='word_1_42' title='bbox 355 1022 452 1088; x_wconf 89' lang='lat' dir='ltr'><strong>uestis</strong></span> <span class='ocrx_word' id='word_1_43' title='bbox 473 1021 613 1104; x_wconf 82' lang='lat' dir='ltr'><strong>indigent</strong></span> <span class='ocrx_word' id='word_1_44' title='bbox 633 1020 784 1104; x_wconf 83' lang='lat' dir='ltr'><strong>tegmine:</strong></span> <span class='ocrx_word' id='word_1_45' title='bbox 815 1023 850 1085; x_wconf 91' lang='lat' dir='ltr'><strong>ut</strong></span> <span class='ocrx_word' id='word_1_46' title='bbox 872 1019 960 1103; x_wconf 85' lang='lat' dir='ltr'><strong>uirgo</strong></span> <span class='ocrx_word' id='word_1_47' title='bbox 982 1020 1121 1085; x_wconf 73' lang='lat' dir='ltr'><strong>Tritonia</strong></span> <span class='ocrx_word' id='word_1_48' title='bbox 1147 1021 1265 1086; x_wconf 91' lang='lat' dir='ltr'><strong>curiose</strong></span> <span class='ocrx_word' id='word_1_49' title='bbox 1286 1021 1335 1085; x_wconf 90' lang='lat' dir='ltr'><strong>eis</strong></span> <span class='ocrx_word' id='word_1_50' title='bbox 1360 1044 1373 1080; x_wconf 76' lang='lat' dir='ltr'><strong>s</strong></span> 
     </span>
     <span class='ocr_line' id='line_1_7' title="bbox 222 1123 1335 1206; baseline -0.002 -16"><span class='ocrx_word' id='word_1_51' title='bbox 222 1125 341 1190; x_wconf 89' lang='lat' dir='ltr'><strong>stamen</strong></span> <span class='ocrx_word' id='word_1_52' title='bbox 363 1127 433 1191; x_wconf 90' lang='lat' dir='ltr'><strong>neat</strong></span> <span class='ocrx_word' id='word_1_53' title='bbox 455 1123 655 1205; x_wconf 84' lang='lat' dir='ltr'><strong>etqualitate</strong></span> <span class='ocrx_word' id='word_1_54' title='bbox 676 1141 730 1205; x_wconf 93' lang='lat' dir='ltr'><strong>pro</strong></span> <span class='ocrx_word' id='word_1_55' title='bbox 752 1123 900 1206; x_wconf 90' lang='lat' dir='ltr'><strong>temporis</strong></span> <span class='ocrx_word' id='word_1_56' title='bbox 920 1125 976 1188; x_wconf 88' lang='lat' dir='ltr'><strong>aut</strong></span> <span class='ocrx_word' id='word_1_57' title='bbox 996 1123 1113 1188; x_wconf 85' lang='lat' dir='ltr'><strong>trilices</strong></span> <span class='ocrx_word' id='word_1_58' title='bbox 1134 1124 1254 1189; x_wconf 89' lang='lat' dir='ltr'><strong>tunicas</strong></span> <span class='ocrx_word' id='word_1_59' title='bbox 1276 1125 1335 1188; x_wconf 91' lang='lat' dir='ltr'><strong>aut</strong></span> 
     </span>
     <span class='ocr_line' id='line_1_8' title="bbox 222 1225 1335 1310; baseline 0.002 -19"><span class='ocrx_word' id='word_1_60' title='bbox 222 1227 258 1291; x_wconf 93' lang='lat' dir='ltr'><strong>de</strong></span> <span class='ocrx_word' id='word_1_61' title='bbox 280 1228 375 1292; x_wconf 90' lang='lat' dir='ltr'><strong>serico</strong></span> <span class='ocrx_word' id='word_1_62' title='bbox 398 1228 569 1310; x_wconf 86' lang='lat' dir='ltr'><strong>componat.</strong></span> <span class='ocrx_word' id='word_1_63' title='bbox 601 1228 745 1291; x_wconf 89' lang='lat' dir='ltr'><strong>accusant</strong></span> <span class='ocrx_word' id='word_1_64' title='bbox 767 1229 799 1291; x_wconf 91' lang='lat' dir='ltr'><strong>et</strong></span> <span class='ocrx_word' id='word_1_65' title='bbox 819 1225 943 1291; x_wconf 90' lang='lat' dir='ltr'><strong>diluunt</strong></span> <span class='ocrx_word' id='word_1_66' title='bbox 961 1227 1106 1292; x_wconf 88' lang='lat' dir='ltr'><strong>crimina:</strong></span> <span class='ocrx_word' id='word_1_67' title='bbox 1130 1227 1166 1292; x_wconf 91' lang='lat' dir='ltr'><strong>ut</strong></span> <span class='ocrx_word' id='word_1_68' title='bbox 1180 1227 1335 1293; x_wconf 77' lang='lat' dir='ltr'><strong>Atlantes</strong></span> 
     </span>
     <span class='ocr_line' id='line_1_9' title="bbox 220 1324 1333 1415; baseline 0.002 -21"><span class='ocrx_word' id='word_1_69' title='bbox 220 1331 380 1415; x_wconf 85' lang='lat' dir='ltr'><strong>progenies</strong></span> <span class='ocrx_word' id='word_1_70' title='bbox 409 1331 520 1412; x_wconf 91' lang='lat' dir='ltr'><strong>eloquii</strong></span> <span class='ocrx_word' id='word_1_71' title='bbox 543 1330 657 1412; x_wconf 89' lang='lat' dir='ltr'><strong>primae</strong></span> <span class='ocrx_word' id='word_1_72' title='bbox 679 1330 758 1395; x_wconf 85' lang='lat' dir='ltr'><strong>ierat</strong></span> <span class='ocrx_word' id='word_1_73' title='bbox 779 1330 917 1396; x_wconf 89' lang='lat' dir='ltr'><strong>studiosa</strong></span> <span class='ocrx_word' id='word_1_74' title='bbox 944 1324 1160 1396; x_wconf 65' lang='lat' dir='ltr'>exercitatione</span> <span class='ocrx_word' id='word_1_75' title='bbox 1186 1328 1333 1412; x_wconf 75' lang='lat' dir='ltr'><strong>quaesiti</strong></span> 
     </span>
     <span class='ocr_line' id='line_1_10' title="bbox 172 1432 1332 1517; baseline 0 -19"><span class='ocrx_word' id='word_1_76' title='bbox 172 1435 269 1498; x_wconf 77' lang='lat' dir='ltr'><strong>22set</strong></span> <span class='ocrx_word' id='word_1_77' title='bbox 296 1452 393 1512; x_wconf 89' lang='lat' dir='ltr'><strong>erras,</strong></span> <span class='ocrx_word' id='word_1_78' title='bbox 416 1433 533 1514; x_wconf 90' lang='lat' dir='ltr'><strong>inquit,</strong></span> <span class='ocrx_word' id='word_1_79' title='bbox 556 1433 588 1496; x_wconf 92' lang='lat' dir='ltr'><strong>et</strong></span> <span class='ocrx_word' id='word_1_80' title='bbox 608 1432 742 1508; x_wconf 77' lang='lat' dir='ltr'><strong>falleris3</strong></span> <span class='ocrx_word' id='word_1_81' title='bbox 769 1450 828 1498; x_wconf 94' lang='lat' dir='ltr'><strong>non</strong></span> <span class='ocrx_word' id='word_1_82' title='bbox 851 1434 934 1498; x_wconf 88' lang='lat' dir='ltr'><strong>enim</strong></span> <span class='ocrx_word' id='word_1_83' title='bbox 956 1433 1014 1517; x_wconf 89' lang='lat' dir='ltr'><strong>ipsi</strong></span> <span class='ocrx_word' id='word_1_84' title='bbox 1037 1433 1158 1516; x_wconf 81' lang='lat' dir='ltr'><strong>opifices</strong></span> <span class='ocrx_word' id='word_1_85' title='bbox 1180 1433 1224 1498; x_wconf 93' lang='lat' dir='ltr'><strong>dii</strong></span> <span class='ocrx_word' id='word_1_86' title='bbox 1245 1434 1332 1516; x_wconf 87' lang='lat' dir='ltr'><strong>sunt,</strong></span> 
     </span>
     <span class='ocr_line' id='line_1_11' title="bbox 219 1535 1370 1620; baseline 0 -20"><span class='ocrx_word' id='word_1_87' title='bbox 219 1537 272 1601; x_wconf 89' lang='lat' dir='ltr'><strong>sed</strong></span> <span class='ocrx_word' id='word_1_88' title='bbox 301 1536 434 1620; x_wconf 83' lang='lat' dir='ltr'><strong>ingeniis</strong></span> <span class='ocrx_word' id='word_1_89' title='bbox 463 1535 619 1600; x_wconf 90' lang='lat' dir='ltr'><strong>hominum</strong></span> <span class='ocrx_word' id='word_1_90' title='bbox 650 1535 806 1600; x_wconf 88' lang='lat' dir='ltr'><strong>subiciunt</strong></span> <span class='ocrx_word' id='word_1_91' title='bbox 833 1537 887 1602; x_wconf 90' lang='lat' dir='ltr'><strong>has</strong></span> <span class='ocrx_word' id='word_1_92' title='bbox 909 1540 990 1601; x_wconf 87' lang='lat' dir='ltr'><strong>artes</strong></span> <span class='ocrx_word' id='word_1_93' title='bbox 1015 1538 1115 1619; x_wconf 90' lang='lat' dir='ltr'><strong>atque,</strong></span> <span class='ocrx_word' id='word_1_94' title='bbox 1143 1539 1179 1601; x_wconf 93' lang='lat' dir='ltr'><strong>ut</strong></span> <span class='ocrx_word' id='word_1_95' title='bbox 1200 1536 1266 1601; x_wconf 85' lang='lat' dir='ltr'><strong>nita</strong></span> <span class='ocrx_word' id='word_1_96' title='bbox 1287 1535 1370 1601; x_wconf 76' lang='lat' dir='ltr'><strong>sitm</strong></span> 
     </span>
     <span class='ocr_line' id='line_1_12' title="bbox 219 1638 1333 1722; baseline 0.001 -20"><span class='ocrx_word' id='word_1_97' title='bbox 219 1639 405 1721; x_wconf 73' lang='lat' dir='ltr'><strong>instructior,</strong></span> <span class='ocrx_word' id='word_1_98' title='bbox 428 1640 555 1704; x_wconf 89' lang='lat' dir='ltr'><strong>tradunt</strong></span> <span class='ocrx_word' id='word_1_99' title='bbox 576 1638 700 1704; x_wconf 73' lang='lat' dir='ltr'><strong>edenda</strong></span> <span class='ocrx_word' id='word_1_100' title='bbox 721 1639 912 1705; x_wconf 89' lang='lat' dir='ltr'><strong>mortalibus.</strong></span> <span class='ocrx_word' id='word_1_101' title='bbox 946 1641 999 1704; x_wconf 91' lang='lat' dir='ltr'><strong>sed</strong></span> <span class='ocrx_word' id='word_1_102' title='bbox 1021 1641 1074 1722; x_wconf 92' lang='lat' dir='ltr'><strong>qui</strong></span> <span class='ocrx_word' id='word_1_103' title='bbox 1089 1640 1226 1721; x_wconf 91' lang='lat' dir='ltr'><strong>aliquam</strong></span> <span class='ocrx_word' id='word_1_104' title='bbox 1241 1639 1333 1704; x_wconf 85' lang='lat' dir='ltr'><strong>eubi-</strong></span> 
     </span>
     <span class='ocr_line' id='line_1_13' title="bbox 219 1739 1334 1825; baseline 0.002 -19"><span class='ocrx_word' id='word_1_105' title='bbox 219 1742 261 1807; x_wconf 92' lang='lat' dir='ltr'><strong>eit</strong></span> <span class='ocrx_word' id='word_1_106' title='bbox 293 1742 399 1825; x_wconf 83' lang='lat' dir='ltr'><strong>ignaro</strong></span> <span class='ocrx_word' id='word_1_107' title='bbox 428 1761 463 1807; x_wconf 91' lang='lat' dir='ltr'><strong>ae</strong></span> <span class='ocrx_word' id='word_1_108' title='bbox 493 1743 592 1808; x_wconf 91' lang='lat' dir='ltr'><strong>neseio</strong></span> <span class='ocrx_word' id='word_1_109' title='bbox 626 1741 830 1823; x_wconf 76' lang='lat' dir='ltr'><strong>disciplinam,</strong></span> <span class='ocrx_word' id='word_1_110' title='bbox 864 1743 1020 1808; x_wconf 84' lang='lat' dir='ltr'><strong>sollertem</strong></span> <span class='ocrx_word' id='word_1_111' title='bbox 1042 1743 1180 1824; x_wconf 87' lang='lat' dir='ltr'><strong>quernis</strong></span> <span class='ocrx_word' id='word_1_112' title='bbox 1210 1739 1334 1808; x_wconf 78' lang='lat' dir='ltr'><strong>cilicem</strong></span> 
     </span>
     <span class='ocr_line' id='line_1_14' title="bbox 137 1844 1332 1928; baseline 0.002 -20"><span class='ocrx_word' id='word_1_113' title='bbox 137 1877 140 1884; x_wconf 79' lang='lat'><strong>,</strong></span> <span class='ocrx_word' id='word_1_114' title='bbox 218 1844 396 1910; x_wconf 88' lang='lat' dir='ltr'><strong>nonnullius</strong></span> <span class='ocrx_word' id='word_1_115' title='bbox 417 1844 516 1928; x_wconf 89' lang='lat' dir='ltr'><strong>operis</strong></span> <span class='ocrx_word' id='word_1_116' title='bbox 538 1845 665 1910; x_wconf 90' lang='lat' dir='ltr'><strong>scientia</strong></span> <span class='ocrx_word' id='word_1_117' title='bbox 686 1846 852 1928; x_wconf 85' lang='lat' dir='ltr'><strong>contendit,</strong></span> <span class='ocrx_word' id='word_1_118' title='bbox 875 1846 953 1910; x_wconf 83' lang='lat' dir='ltr'><strong>aciat</strong></span> <span class='ocrx_word' id='word_1_119' title='bbox 974 1846 1040 1928; x_wconf 90' lang='lat' dir='ltr'><strong>ipse</strong></span> <span class='ocrx_word' id='word_1_120' title='bbox 1061 1863 1182 1911; x_wconf 92' lang='lat' dir='ltr'><strong>neeesse</strong></span> <span class='ocrx_word' id='word_1_121' title='bbox 1196 1847 1243 1910; x_wconf 89' lang='lat' dir='ltr'><strong>est</strong></span> <span class='ocrx_word' id='word_1_122' title='bbox 1263 1847 1332 1928; x_wconf 91' lang='lat' dir='ltr'><strong>pri·</strong></span> 
     </span>
     <span class='ocr_line' id='line_1_15' title="bbox 218 1948 1332 2031; baseline 0.001 -20"><span class='ocrx_word' id='word_1_123' title='bbox 218 1967 286 2012; x_wconf 90' lang='lat' dir='ltr'><strong>mue</strong></span> <span class='ocrx_word' id='word_1_124' title='bbox 308 1948 341 2012; x_wconf 92' lang='lat' dir='ltr'><strong>id</strong></span> <span class='ocrx_word' id='word_1_125' title='bbox 364 1948 443 2030; x_wconf 91' lang='lat' dir='ltr'><strong>quod</strong></span> <span class='ocrx_word' id='word_1_126' title='bbox 465 1949 596 2014; x_wconf 88' lang='lat' dir='ltr'><strong>alterum</strong></span> <span class='ocrx_word' id='word_1_127' title='bbox 624 1949 733 2013; x_wconf 83' lang='lat' dir='ltr'><strong>callere</strong></span> <span class='ocrx_word' id='word_1_128' title='bbox 763 1948 932 2014; x_wconf 89' lang='lat' dir='ltr'><strong>constituit.</strong></span> <span class='ocrx_word' id='word_1_129' title='bbox 967 1949 1175 2031; x_wconf 90' lang='lat' dir='ltr'><strong>nequeenim</strong></span> <span class='ocrx_word' id='word_1_130' title='bbox 1196 1948 1332 2014; x_wconf 85' lang='lat' dir='ltr'><strong>traditor</strong></span> 
     </span>
     <span class='ocr_line' id='line_1_16' title="bbox 217 2051 1365 2135; baseline 0.003 -20"><span class='ocrx_word' id='word_1_131' title='bbox 217 2051 345 2116; x_wconf 90' lang='lat' dir='ltr'><strong>alicuius</strong></span> <span class='ocrx_word' id='word_1_132' title='bbox 368 2069 432 2118; x_wconf 91' lang='lat' dir='ltr'><strong>esse</strong></span> <span class='ocrx_word' id='word_1_133' title='bbox 454 2052 599 2117; x_wconf 74' lang='lat' dir='ltr'><strong>amentiae</strong></span> <span class='ocrx_word' id='word_1_134' title='bbox 613 2051 694 2135; x_wconf 87' lang='lat' dir='ltr'><strong>potis</strong></span> <span class='ocrx_word' id='word_1_135' title='bbox 709 2054 766 2130; x_wconf 88' lang='lat' dir='ltr'><strong>est,</strong></span> <span class='ocrx_word' id='word_1_136' title='bbox 788 2053 903 2118; x_wconf 90' lang='lat' dir='ltr'><strong>utnon</strong></span> <span class='ocrx_word' id='word_1_137' title='bbox 928 2052 993 2116; x_wconf 89' lang='lat' dir='ltr'><strong>eine</strong></span> <span class='ocrx_word' id='word_1_138' title='bbox 1015 2053 1095 2134; x_wconf 91' lang='lat' dir='ltr'><strong>qnod</strong></span> <span class='ocrx_word' id='word_1_139' title='bbox 1119 2051 1216 2117; x_wconf 84' lang='lat' dir='ltr'><strong>tradit</strong></span> <span class='ocrx_word' id='word_1_140' title='bbox 1237 2071 1365 2134; x_wconf 74' lang='lat' dir='ltr'><strong>prae-ss</strong></span> 
     </span>
     <span class='ocr_line' id='line_1_17' title="bbox 217 2151 1330 2240; baseline 0.002 -23"><span class='ocrx_word' id='word_1_141' title='bbox 217 2156 303 2236; x_wconf 86' lang='lat' dir='ltr'><strong>cepta</strong></span> <span class='ocrx_word' id='word_1_142' title='bbox 331 2154 442 2220; x_wconf 87' lang='lat' dir='ltr'><strong>habeat</strong></span> <span class='ocrx_word' id='word_1_143' title='bbox 471 2156 595 2240; x_wconf 83' lang='lat' dir='ltr'><strong>cognite</strong></span> <span class='ocrx_word' id='word_1_144' title='bbox 616 2158 647 2220; x_wconf 94' lang='lat' dir='ltr'><strong>et</strong></span> <span class='ocrx_word' id='word_1_145' title='bbox 668 2156 817 2220; x_wconf 87' lang='lat' dir='ltr'><strong>rationem</strong></span> <span class='ocrx_word' id='word_1_146' title='bbox 847 2157 948 2221; x_wconf 74' lang='lat' dir='ltr'><strong>tonmt</strong></span> <span class='ocrx_word' id='word_1_147' title='bbox 970 2151 1221 2222; x_wconf 80' lang='lat' dir='ltr'><strong>exercitatissime</strong></span> <span class='ocrx_word' id='word_1_148' title='bbox 1243 2172 1330 2219; x_wconf 91' lang='lat' dir='ltr'><strong>eom·</strong></span> 
     </span>
     <span class='ocr_line' id='line_1_18' title="bbox 216 2257 1440 2348; baseline 0.002 -28"><span class='ocrx_word' id='word_1_149' title='bbox 216 2257 405 2342; x_wconf 87' lang='lat' dir='ltr'><strong>prehensam.</strong></span> <span class='ocrx_word' id='word_1_150' title='bbox 439 2259 482 2324; x_wconf 89' lang='lat' dir='ltr'><strong>dii</strong></span> <span class='ocrx_word' id='word_1_151' title='bbox 506 2275 576 2343; x_wconf 86' lang='lat' dir='ltr'><strong>ergo</strong></span> <span class='ocrx_word' id='word_1_152' title='bbox 605 2260 678 2323; x_wconf 91' lang='lat' dir='ltr'><strong>sunt</strong></span> <span class='ocrx_word' id='word_1_153' title='bbox 704 2259 836 2324; x_wconf 88' lang='lat' dir='ltr'><strong>artifices</strong></span> <span class='ocrx_word' id='word_1_154' title='bbox 864 2260 973 2341; x_wconf 89' lang='lat' dir='ltr'><strong>primi,</strong></span> <span class='ocrx_word' id='word_1_155' title='bbox 1001 2260 1068 2323; x_wconf 88' lang='lat' dir='ltr'><strong>siue</strong></span> <span class='ocrx_word' id='word_1_156' title='bbox 1089 2259 1185 2341; x_wconf 88' lang='lat' dir='ltr'><strong>quod,</strong></span> <span class='ocrx_word' id='word_1_157' title='bbox 1208 2257 1269 2341; x_wconf 90' lang='lat' dir='ltr'><strong>ipsi</strong></span> <span class='ocrx_word' id='word_1_158' title='bbox 1292 2260 1331 2322; x_wconf 89' lang='lat' dir='ltr'><strong>ut</strong></span> <span class='ocrx_word' id='word_1_159' title='bbox 1439 2311 1440 2348; x_wconf 72' lang='lat'><strong>,</strong></span> 
     </span>
     <span class='ocr_line' id='line_1_19' title="bbox 216 2349 1440 2444; baseline 0 -19"><span class='ocrx_word' id='word_1_160' title='bbox 216 2361 335 2440; x_wconf 87' lang='lat' dir='ltr'><strong>dicitis,</strong></span> <span class='ocrx_word' id='word_1_161' title='bbox 358 2362 493 2426; x_wconf 90' lang='lat' dir='ltr'><strong>subdunt</strong></span> <span class='ocrx_word' id='word_1_162' title='bbox 514 2362 674 2427; x_wconf 90' lang='lat' dir='ltr'><strong>scientiam</strong></span> <span class='ocrx_word' id='word_1_163' title='bbox 696 2362 865 2440; x_wconf 85' lang='lat' dir='ltr'><strong>mentibus,</strong></span> <span class='ocrx_word' id='word_1_164' title='bbox 892 2361 958 2427; x_wconf 89' lang='lat' dir='ltr'><strong>siue</strong></span> <span class='ocrx_word' id='word_1_165' title='bbox 979 2362 1060 2444; x_wconf 89' lang='lat' dir='ltr'><strong>quod</strong></span> <span class='ocrx_word' id='word_1_166' title='bbox 1081 2362 1273 2427; x_wconf 88' lang='lat' dir='ltr'><strong>immortales</strong></span> <span class='ocrx_word' id='word_1_167' title='bbox 1297 2362 1330 2425; x_wconf 91' lang='lat' dir='ltr'><strong>et</strong></span> <span class='ocrx_word' id='word_1_168' title='bbox 1439 2349 1440 2402; x_wconf 82' lang='lat'>1</span> 
     </span>
     <span class='ocr_line' id='line_1_20' title="bbox 215 2465 1439 2548; baseline 0 -19"><span class='ocrx_word' id='word_1_169' title='bbox 215 2465 312 2548; x_wconf 85' lang='lat' dir='ltr'><strong>geniti</strong></span> <span class='ocrx_word' id='word_1_170' title='bbox 333 2484 501 2547; x_wconf 91' lang='lat' dir='ltr'><strong>numquam</strong></span> <span class='ocrx_word' id='word_1_171' title='bbox 523 2483 619 2548; x_wconf 84' lang='lat' dir='ltr'><strong>genus</strong></span> <span class='ocrx_word' id='word_1_172' title='bbox 636 2483 724 2529; x_wconf 89' lang='lat' dir='ltr'><strong>omne</strong></span> <span class='ocrx_word' id='word_1_173' title='bbox 739 2465 893 2530; x_wconf 75' lang='lat' dir='ltr'><strong>terremm</strong></span> <span class='ocrx_word' id='word_1_174' title='bbox 907 2467 1063 2530; x_wconf 90' lang='lat' dir='ltr'><strong>uetustate</strong></span> <span class='ocrx_word' id='word_1_175' title='bbox 1077 2465 1224 2548; x_wconf 90' lang='lat' dir='ltr'><strong>temporis</strong></span> <span class='ocrx_word' id='word_1_176' title='bbox 1239 2467 1329 2529; x_wconf 84' lang='lat' dir='ltr'><strong>ante·</strong></span> <span class='ocrx_word' id='word_1_177' title='bbox 1438 2505 1439 2514; x_wconf 59' lang='lat'>2</span> 
     </span>
     <span class='ocr_line' id='line_1_21' title="bbox 215 2566 1438 2650; baseline -0.003 -18"><span class='ocrx_word' id='word_1_178' title='bbox 215 2567 334 2635; x_wconf 90' lang='lat' dir='ltr'><strong>cedunt.</strong></span> <span class='ocrx_word' id='word_1_179' title='bbox 368 2568 425 2632; x_wconf 88' lang='lat' dir='ltr'><strong>hoc</strong></span> <span class='ocrx_word' id='word_1_180' title='bbox 454 2571 501 2632; x_wconf 87' lang='lat' dir='ltr'><strong>eet</strong></span> <span class='ocrx_word' id='word_1_181' title='bbox 531 2585 602 2650; x_wconf 85' lang='lat' dir='ltr'><strong>ergo</strong></span> <span class='ocrx_word' id='word_1_182' title='bbox 632 2568 712 2650; x_wconf 93' lang='lat' dir='ltr'><strong>quod</strong></span> <span class='ocrx_word' id='word_1_183' title='bbox 742 2569 912 2649; x_wconf 83' lang='lat' dir='ltr'><strong>quaeritur,</strong></span> <span class='ocrx_word' id='word_1_184' title='bbox 943 2587 1014 2632; x_wconf 90' lang='lat' dir='ltr'><strong>eum</strong></span> <span class='ocrx_word' id='word_1_185' title='bbox 1043 2569 1085 2633; x_wconf 90' lang='lat' dir='ltr'><strong>sit</strong></span> <span class='ocrx_word' id='word_1_186' title='bbox 1112 2568 1217 2633; x_wconf 88' lang='lat' dir='ltr'><strong>nullus</strong></span> <span class='ocrx_word' id='word_1_187' title='bbox 1243 2566 1365 2650; x_wconf 82' lang='lat' dir='ltr'><strong>apudso</strong></span> <span class='ocrx_word' id='word_1_188' title='bbox 1437 2601 1438 2628; x_wconf 62' lang='grc' dir='ltr'>ι</span> 
     </span>
     <span class='ocr_line' id='line_1_22' title="bbox 214 2631 1438 2753; baseline 0.001 -19"><span class='ocrx_word' id='word_1_189' title='bbox 214 2688 337 2752; x_wconf 89' lang='lat' dir='ltr'><strong>superos</strong></span> <span class='ocrx_word' id='word_1_190' title='bbox 366 2670 484 2736; x_wconf 90' lang='lat' dir='ltr'><strong>artibus</strong></span> <span class='ocrx_word' id='word_1_191' title='bbox 512 2669 561 2734; x_wconf 90' lang='lat' dir='ltr'><strong>his</strong></span> <span class='ocrx_word' id='word_1_192' title='bbox 582 2671 666 2735; x_wconf 89' lang='lat' dir='ltr'><strong>locus</strong></span> <span class='ocrx_word' id='word_1_193' title='bbox 699 2689 796 2753; x_wconf 90' lang='lat' dir='ltr'><strong>neque</strong></span> <span class='ocrx_word' id='word_1_194' title='bbox 818 2689 905 2748; x_wconf 87' lang='lat' dir='ltr'><strong>usus,</strong></span> <span class='ocrx_word' id='word_1_195' title='bbox 935 2670 1060 2736; x_wconf 91' lang='lat' dir='ltr'><strong>illorum</strong></span> <span class='ocrx_word' id='word_1_196' title='bbox 1089 2689 1185 2752; x_wconf 91' lang='lat' dir='ltr'><strong>noque</strong></span> <span class='ocrx_word' id='word_1_197' title='bbox 1214 2671 1331 2735; x_wconf 89' lang='lat' dir='ltr'><strong>natura</strong></span> <span class='ocrx_word' id='word_1_198' title='bbox 1436 2631 1438 2700; x_wconf 56' lang='lat'><strong>⁴</strong></span> 
     </span>
     <span class='ocr_line' id='line_1_23' title="bbox 215 2772 1329 2859; baseline 0.001 -23"><span class='ocrx_word' id='word_1_199' title='bbox 215 2772 358 2855; x_wconf 89' lang='lat' dir='ltr'><strong>deposcat</strong></span> <span class='ocrx_word' id='word_1_200' title='bbox 385 2774 578 2859; x_wconf 83' lang='lat' dir='ltr'><strong>ingeniosum</strong></span> <span class='ocrx_word' id='word_1_201' title='bbox 607 2772 725 2854; x_wconf 91' lang='lat' dir='ltr'><strong>aliquid</strong></span> <span class='ocrx_word' id='word_1_202' title='bbox 755 2774 809 2838; x_wconf 91' lang='lat' dir='ltr'><strong>aut</strong></span> <span class='ocrx_word' id='word_1_203' title='bbox 838 2773 1030 2838; x_wconf 90' lang='lat' dir='ltr'><strong>sellularium</strong></span> <span class='ocrx_word' id='word_1_204' title='bbox 1058 2774 1150 2838; x_wconf 89' lang='lat' dir='ltr'><strong>seire:</strong></span> <span class='ocrx_word' id='word_1_205' title='bbox 1184 2791 1329 2838; x_wconf 85' lang='lat' dir='ltr'><strong>curasse</strong></span> 
     </span>
     <span class='ocr_line' id='line_1_24' title="bbox 212 2875 1328 2962; baseline -0.001 -22"><span class='ocrx_word' id='word_1_206' title='bbox 212 2875 323 2941; x_wconf 89' lang='lat' dir='ltr'><strong>dicatis</strong></span> <span class='ocrx_word' id='word_1_207' title='bbox 344 2876 377 2939; x_wconf 92' lang='lat' dir='ltr'><strong>in</strong></span> <span class='ocrx_word' id='word_1_208' title='bbox 400 2877 469 2942; x_wconf 90' lang='lat' dir='ltr'><strong>aliis</strong></span> <span class='ocrx_word' id='word_1_209' title='bbox 491 2878 568 2941; x_wconf 91' lang='lat' dir='ltr'><strong>alios</strong></span> <span class='ocrx_word' id='word_1_210' title='bbox 589 2877 833 2958; x_wconf 86' lang='lat' dir='ltr'><strong>perceptionibus</strong></span> <span class='ocrx_word' id='word_1_211' title='bbox 862 2896 1007 2962; x_wconf 78' lang='lat' dir='ltr'><strong>guenrres</strong></span> <span class='ocrx_word' id='word_1_212' title='bbox 1030 2877 1061 2942; x_wconf 91' lang='lat' dir='ltr'><strong>et</strong></span> <span class='ocrx_word' id='word_1_213' title='bbox 1082 2877 1195 2942; x_wconf 91' lang='lat' dir='ltr'><strong>habere</strong></span> <span class='ocrx_word' id='word_1_214' title='bbox 1216 2876 1328 2940; x_wconf 88' lang='lat' dir='ltr'><strong>soller-</strong></span> 
     </span>
     <span class='ocr_line' id='line_1_25' title="bbox 131 2978 1327 3066; baseline -0.003 -22"><span class='ocrx_word' id='word_1_215' title='bbox 131 2979 283 3052; x_wconf 61' lang='lat' dir='ltr'><strong>senecias,</strong></span> <span class='ocrx_word' id='word_1_216' title='bbox 305 2979 338 3043; x_wconf 90' lang='lat' dir='ltr'><strong>in</strong></span> <span class='ocrx_word' id='word_1_217' title='bbox 360 2978 471 3062; x_wconf 90' lang='lat' dir='ltr'><strong>quibus</strong></span> <span class='ocrx_word' id='word_1_218' title='bbox 493 2978 609 3064; x_wconf 80' lang='lat' dir='ltr'><strong>singuli</strong></span> <span class='ocrx_word' id='word_1_219' title='bbox 631 2999 663 3047; x_wconf 91' lang='lat' dir='ltr'><strong>se</strong></span> <span class='ocrx_word' id='word_1_220' title='bbox 685 2981 810 3045; x_wconf 87' lang='lat' dir='ltr'><strong>uincent</strong></span> <span class='ocrx_word' id='word_1_221' title='bbox 830 2979 834 3066; x_wconf 90' lang='grc' dir='ltr'>Ι</span> <span class='ocrx_word' id='word_1_222' title='bbox 853 2980 1052 3045; x_wconf 88' lang='lat' dir='ltr'><strong>scientiarum</strong></span> <span class='ocrx_word' id='word_1_223' title='bbox 1066 2979 1239 3063; x_wconf 83' lang='lat' dir='ltr'><strong>cognitione</strong></span> <span class='ocrx_word' id='word_1_224' title='bbox 1260 2979 1327 3042; x_wconf 89' lang='lat' dir='ltr'><strong>dis·</strong></span> 
     </span>
     <span class='ocr_line' id='line_1_26' title="bbox 164 3081 1362 3162; baseline -0.006 -12"><span class='ocrx_word' id='word_1_225' title='bbox 164 3082 310 3150; x_wconf 62' lang='lat' dir='ltr'><strong>norati?</strong></span> <span class='ocrx_word' id='word_1_226' title='bbox 343 3084 402 3147; x_wconf 89' lang='lat' dir='ltr'><strong>nisi</strong></span> <span class='ocrx_word' id='word_1_227' title='bbox 424 3082 501 3147; x_wconf 87' lang='lat' dir='ltr'><strong>forte</strong></span> <span class='ocrx_word' id='word_1_228' title='bbox 522 3083 579 3149; x_wconf 93' lang='lat' dir='ltr'><strong>hoc</strong></span> <span class='ocrx_word' id='word_1_229' title='bbox 601 3083 718 3161; x_wconf 87' lang='lat' dir='ltr'><strong>dicitis,</strong></span> <span class='ocrx_word' id='word_1_230' title='bbox 747 3084 817 3148; x_wconf 92' lang='lat' dir='ltr'><strong>deos</strong></span> <span class='ocrx_word' id='word_1_231' title='bbox 845 3083 975 3148; x_wconf 87' lang='lat' dir='ltr'><strong>artifices</strong></span> <span class='ocrx_word' id='word_1_232' title='bbox 1004 3099 1063 3147; x_wconf 91' lang='lat' dir='ltr'><strong>non</strong></span> <span class='ocrx_word' id='word_1_233' title='bbox 1086 3099 1165 3162; x_wconf 87' lang='lat' dir='ltr'><strong>esse,</strong></span> <span class='ocrx_word' id='word_1_234' title='bbox 1197 3081 1251 3146; x_wconf 87' lang='lat' dir='ltr'><strong>sed</strong></span> <span class='ocrx_word' id='word_1_235' title='bbox 1273 3099 1362 3146; x_wconf 79' lang='lat' dir='ltr'><strong>eosss</strong></span> 
     </span>
    </p>
   </div>
   <div class='ocr_carea' id='block_1_3' title="bbox 209 3334 1326 4433">
    <p class='ocr_par' dir='ltr' id='par_1_3' title="bbox 209 3334 1326 4433">
     <span class='ocr_line' id='line_1_27' title="bbox 244 3334 1254 3406; baseline -0.001 -15"><span class='ocrx_word' id='word_1_236' title='bbox 244 3338 261 3391; x_wconf 92' lang='grc'><strong>2</strong></span> <span class='ocrx_word' id='word_1_237' title='bbox 284 3338 462 3406; x_wconf 88' lang='lat' dir='ltr'><strong>corripiatque</strong></span> <span class='ocrx_word' id='word_1_238' title='bbox 487 3336 555 3390; x_wconf 80' lang='lat' dir='ltr'><strong>Sub:</strong></span> <span class='ocrx_word' id='word_1_239' title='bbox 581 3336 757 3404; x_wconf 83' lang='lat' dir='ltr'><strong>corripiatque</strong></span> <span class='ocrx_word' id='word_1_240' title='bbox 779 3334 807 3389; x_wconf 92' lang='lat' dir='ltr'><strong><em>P</em></strong></span> <span class='ocrx_word' id='word_1_241' title='bbox 940 3337 956 3390; x_wconf 88' lang='lat'><strong>3</strong></span> <span class='ocrx_word' id='word_1_242' title='bbox 980 3336 1178 3405; x_wconf 89' lang='lat' dir='ltr'><strong>flammipotens</strong></span> <span class='ocrx_word' id='word_1_243' title='bbox 1202 3335 1254 3390; x_wconf 74' lang='lat' dir='ltr'><strong>cer</strong></span> 
     </span>
     <span class='ocr_line' id='line_1_28' title="bbox 211 3421 1325 3477; baseline -0.001 -1"><span class='ocrx_word' id='word_1_244' title='bbox 211 3424 228 3477; x_wconf 85' lang='lat'>4</span> <span class='ocrx_word' id='word_1_245' title='bbox 244 3423 388 3477; x_wconf 86' lang='lat' dir='ltr'><strong>feramenta</strong></span> <span class='ocrx_word' id='word_1_246' title='bbox 406 3423 433 3476; x_wconf 91' lang='lat' dir='ltr'><em>P</em></span> <span class='ocrx_word' id='word_1_247' title='bbox 445 3437 506 3476; x_wconf 84' lang='lat' dir='ltr'><strong>corr</strong></span> <span class='ocrx_word' id='word_1_248' title='bbox 607 3421 624 3476; x_wconf 84' lang='lat'>5</span> <span class='ocrx_word' id='word_1_249' title='bbox 641 3421 742 3475; x_wconf 89' lang='lat' dir='ltr'><strong>curiose</strong></span> <span class='ocrx_word' id='word_1_250' title='bbox 760 3421 794 3474; x_wconf 90' lang='lat' dir='ltr'><strong>iis</strong></span> <span class='ocrx_word' id='word_1_251' title='bbox 807 3421 898 3475; x_wconf 81' lang='lat' dir='ltr'><strong>Saloe:</strong></span> <span class='ocrx_word' id='word_1_252' title='bbox 916 3421 1043 3476; x_wconf 86' lang='lat' dir='ltr'><strong>curiosius</strong></span> <span class='ocrx_word' id='word_1_253' title='bbox 1055 3422 1083 3476; x_wconf 89' lang='lat' dir='ltr'><strong><em>P</em></strong></span> <span class='ocrx_word' id='word_1_254' title='bbox 1183 3421 1200 3475; x_wconf 84' lang='lat'>6</span> <span class='ocrx_word' id='word_1_255' title='bbox 1218 3425 1325 3475; x_wconf 86' lang='lat' dir='ltr'><strong>stamen</strong></span> 
     </span>
     <span class='ocr_line' id='line_1_29' title="bbox 212 3506 1326 3576; baseline -0.003 -12"><span class='ocrx_word' id='word_1_256' title='bbox 212 3509 273 3576; x_wconf 77' lang='lat' dir='ltr'><strong>Sao,</strong></span> <span class='ocrx_word' id='word_1_257' title='bbox 284 3525 315 3563; x_wconf 80' lang='lat' dir='ltr'><strong>r:</strong></span> <span class='ocrx_word' id='word_1_258' title='bbox 331 3510 420 3561; x_wconf 70' lang='lat' dir='ltr'><strong>mmen</strong></span> <span class='ocrx_word' id='word_1_259' title='bbox 432 3506 459 3561; x_wconf 93' lang='lat' dir='ltr'><em>P</em></span> <span class='ocrx_word' id='word_1_260' title='bbox 557 3508 573 3561; x_wconf 79' lang='lat' dir='ltr'><strong>‘l</strong></span> <span class='ocrx_word' id='word_1_261' title='bbox 590 3509 729 3576; x_wconf 89' lang='lat' dir='ltr'><strong>componat</strong></span> <span class='ocrx_word' id='word_1_262' title='bbox 740 3507 894 3562; x_wconf 65' lang='lat' dir='ltr'><strong>Macares:</strong></span> <span class='ocrx_word' id='word_1_263' title='bbox 911 3511 938 3562; x_wconf 92' lang='lat' dir='ltr'><strong>et</strong></span> <span class='ocrx_word' id='word_1_264' title='bbox 950 3507 1081 3576; x_wconf 88' lang='lat' dir='ltr'><strong>imponere</strong></span> <span class='ocrx_word' id='word_1_265' title='bbox 1092 3507 1120 3562; x_wconf 93' lang='lat' dir='ltr'><strong><em>P</em></strong></span> <span class='ocrx_word' id='word_1_266' title='bbox 1135 3507 1256 3575; x_wconf 85' lang='lat' dir='ltr'><strong>imponat</strong></span> <span class='ocrx_word' id='word_1_267' title='bbox 1268 3508 1326 3561; x_wconf 79' lang='lat' dir='ltr'><strong>Set</strong></span> 
     </span>
     <span class='ocr_line' id='line_1_30' title="bbox 210 3592 1324 3662; baseline 0 -14"><span class='ocrx_word' id='word_1_268' title='bbox 210 3597 238 3648; x_wconf 89' lang='lat' dir='ltr'><strong>et</strong></span> <span class='ocrx_word' id='word_1_269' title='bbox 256 3593 312 3647; x_wconf 89' lang='lat' dir='ltr'><strong>sine</strong></span> <span class='ocrx_word' id='word_1_270' title='bbox 329 3610 405 3647; x_wconf 92' lang='lat' dir='ltr'><strong>onere</strong></span> <span class='ocrx_word' id='word_1_271' title='bbox 421 3594 540 3660; x_wconf 89' lang='lat' dir='ltr'><strong>imponat</strong></span> <span class='ocrx_word' id='word_1_272' title='bbox 559 3593 634 3647; x_wconf 78' lang='lat' dir='ltr'><strong>Saloe</strong></span> <span class='ocrx_word' id='word_1_273' title='bbox 734 3593 861 3648; x_wconf 77' lang='lat' dir='ltr'><strong>Atlanteo.</strong></span> <span class='ocrx_word' id='word_1_274' title='bbox 873 3592 941 3647; x_wconf 77' lang='lat' dir='ltr'><strong>Sub.-</strong></span> <span class='ocrx_word' id='word_1_275' title='bbox 960 3593 1066 3648; x_wconf 84' lang='lat' dir='ltr'><strong>alantea</strong></span> <span class='ocrx_word' id='word_1_276' title='bbox 1081 3595 1109 3647; x_wconf 93' lang='lat' dir='ltr'><strong><em>P</em></strong></span> <span class='ocrx_word' id='word_1_277' title='bbox 1209 3594 1226 3647; x_wconf 84' lang='lat'><em>8</em></span> <span class='ocrx_word' id='word_1_278' title='bbox 1243 3608 1324 3662; x_wconf 87' lang='lat' dir='ltr'><strong>quae·</strong></span> 
     </span>
     <span class='ocr_line' id='line_1_31' title="bbox 209 3678 1255 3734; baseline -0.001 0"><span class='ocrx_word' id='word_1_279' title='bbox 209 3681 266 3734; x_wconf 87' lang='lat' dir='ltr'><strong>siti.</strong></span> <span class='ocrx_word' id='word_1_280' title='bbox 280 3682 306 3733; x_wconf 91' lang='lat' dir='ltr'><strong>et</strong></span> <span class='ocrx_word' id='word_1_281' title='bbox 318 3679 373 3734; x_wconf 79' lang='lat' dir='ltr'><strong>Sub</strong></span> <span class='ocrx_word' id='word_1_282' title='bbox 475 3680 506 3732; x_wconf 92' lang='lat'><strong>11</strong></span> <span class='ocrx_word' id='word_1_283' title='bbox 519 3678 562 3732; x_wconf 87' lang='lat' dir='ltr'><strong>hia</strong></span> <span class='ocrx_word' id='word_1_284' title='bbox 573 3679 728 3732; x_wconf 85' lang='lat' dir='ltr'><strong>instructior</strong></span> <span class='ocrx_word' id='word_1_285' title='bbox 739 3679 881 3733; x_wconf 73' lang='lat' dir='ltr'><strong>Macestus</strong></span> <span class='ocrx_word' id='word_1_286' title='bbox 982 3678 1099 3732; x_wconf 86' lang='lat' dir='ltr'><strong>sciendas</strong></span> <span class='ocrx_word' id='word_1_287' title='bbox 1112 3678 1255 3733; x_wconf 68' lang='lat' dir='ltr'><strong>Mamaea</strong></span> 
     </span>
     <span class='ocr_line' id='line_1_32' title="bbox 211 3763 1324 3834; baseline 0.002 -16"><span class='ocrx_word' id='word_1_288' title='bbox 211 3767 242 3820; x_wconf 91' lang='grc'><strong>12</strong></span> <span class='ocrx_word' id='word_1_289' title='bbox 260 3766 393 3820; x_wconf 88' lang='lat' dir='ltr'><strong>sollertem</strong></span> <span class='ocrx_word' id='word_1_290' title='bbox 411 3779 488 3833; x_wconf 90' lang='lat' dir='ltr'><strong>quem</strong></span> <span class='ocrx_word' id='word_1_291' title='bbox 504 3765 614 3833; x_wconf 69' lang='lat' dir='ltr'><strong>coepe:</strong></span> <span class='ocrx_word' id='word_1_292' title='bbox 636 3764 820 3832; x_wconf 81' lang='lat' dir='ltr'><strong>sollertemque</strong></span> <span class='ocrx_word' id='word_1_293' title='bbox 836 3763 864 3818; x_wconf 93' lang='lat' dir='ltr'><strong><em>P</em></strong></span> <span class='ocrx_word' id='word_1_294' title='bbox 964 3763 987 3816; x_wconf 91' lang='lat' dir='ltr'><strong>is</strong></span> <span class='ocrx_word' id='word_1_295' title='bbox 1003 3765 1115 3834; x_wconf 77' lang='lat' dir='ltr'><strong>scripsi.-</strong></span> <span class='ocrx_word' id='word_1_296' title='bbox 1138 3763 1180 3818; x_wconf 87' lang='lat' dir='ltr'><strong>his</strong></span> <span class='ocrx_word' id='word_1_297' title='bbox 1198 3766 1226 3821; x_wconf 91' lang='lat' dir='ltr'><strong><em>P</em></strong></span> <span class='ocrx_word' id='word_1_298' title='bbox 1252 3763 1324 3820; x_wconf 91' lang='lat' dir='ltr'><strong>hune</strong></span> 
     </span>
     <span class='ocr_line' id='line_1_33' title="bbox 215 3847 1255 3906; baseline 0.002 -2"><span class='ocrx_word' id='word_1_299' title='bbox 215 3850 267 3904; x_wconf 84' lang='lat' dir='ltr'><strong>Ure</strong></span> <span class='ocrx_word' id='word_1_300' title='bbox 284 3866 326 3905; x_wconf 83' lang='lat' dir='ltr'><strong>em</strong></span> <span class='ocrx_word' id='word_1_301' title='bbox 342 3847 483 3905; x_wconf 73' lang='lat' dir='ltr'><strong>Meretrice</strong></span> <span class='ocrx_word' id='word_1_302' title='bbox 596 3850 629 3904; x_wconf 86' lang='lat'><strong>14</strong></span> <span class='ocrx_word' id='word_1_303' title='bbox 646 3850 740 3904; x_wconf 87' lang='lat' dir='ltr'><strong>callere</strong></span> <span class='ocrx_word' id='word_1_304' title='bbox 762 3849 829 3904; x_wconf 80' lang='lat' dir='ltr'><strong>Ure.-</strong></span> <span class='ocrx_word' id='word_1_305' title='bbox 851 3849 934 3904; x_wconf 88' lang='lat' dir='ltr'><strong>colere</strong></span> <span class='ocrx_word' id='word_1_306' title='bbox 950 3850 978 3903; x_wconf 92' lang='lat' dir='ltr'><strong><em>P</em></strong></span> <span class='ocrx_word' id='word_1_307' title='bbox 1003 3849 1094 3904; x_wconf 90' lang='lat' dir='ltr'><strong>docere</strong></span> <span class='ocrx_word' id='word_1_308' title='bbox 1112 3851 1255 3906; x_wconf 70' lang='lat' dir='ltr'><strong>Mercurius</strong></span> 
     </span>
     <span class='ocr_line' id='line_1_34' title="bbox 211 3935 1255 4004; baseline -0.004 -12"><span class='ocrx_word' id='word_1_309' title='bbox 211 3939 243 3993; x_wconf 83' lang='lat'><strong>15</strong></span> <span class='ocrx_word' id='word_1_310' title='bbox 254 3936 379 3991; x_wconf 86' lang='lat' dir='ltr'><strong>scientiae</strong></span> <span class='ocrx_word' id='word_1_311' title='bbox 391 3936 460 3991; x_wconf 80' lang='lat' dir='ltr'><strong>Sat.-</strong></span> <span class='ocrx_word' id='word_1_312' title='bbox 472 3937 569 3990; x_wconf 75' lang='lat' dir='ltr'><strong>emente</strong></span> <span class='ocrx_word' id='word_1_313' title='bbox 581 3937 608 3989; x_wconf 93' lang='lat' dir='ltr'><strong><em>P</em></strong></span> <span class='ocrx_word' id='word_1_314' title='bbox 620 3936 754 3990; x_wconf 81' lang='lat' dir='ltr'><strong>scientior</strong></span> <span class='ocrx_word' id='word_1_315' title='bbox 839 3938 973 4004; x_wconf 88' lang='lat' dir='ltr'><strong>praecepta</strong></span> <span class='ocrx_word' id='word_1_316' title='bbox 985 3935 1054 3990; x_wconf 76' lang='lat' dir='ltr'><strong>Sub.-</strong></span> <span class='ocrx_word' id='word_1_317' title='bbox 1067 3940 1215 4004; x_wconf 59' lang='lat' dir='ltr'><strong>percepta„</strong></span> <span class='ocrx_word' id='word_1_318' title='bbox 1226 3938 1255 3998; x_wconf 81' lang='lat' dir='ltr'><strong><em>P</em></strong></span> 
     </span>
     <span class='ocr_line' id='line_1_35' title="bbox 210 4011 1323 4090; baseline 0.002 -14"><span class='ocrx_word' id='word_1_319' title='bbox 210 4023 242 4076; x_wconf 80' lang='lat'><strong>16</strong></span> <span class='ocrx_word' id='word_1_320' title='bbox 260 4023 481 4077; x_wconf 86' lang='lat' dir='ltr'><strong>exercitatiesnme</strong></span> <span class='ocrx_word' id='word_1_321' title='bbox 499 4024 527 4076; x_wconf 93' lang='lat' dir='ltr'><strong><em>P</em></strong></span> <span class='ocrx_word' id='word_1_322' title='bbox 542 4038 604 4077; x_wconf 84' lang='lat' dir='ltr'><strong>corr</strong></span> <span class='ocrx_word' id='word_1_323' title='bbox 707 4022 739 4074; x_wconf 79' lang='lat'><strong>17</strong></span> <span class='ocrx_word' id='word_1_324' title='bbox 757 4021 836 4089; x_wconf 86' lang='lat' dir='ltr'><strong>primi</strong></span> <span class='ocrx_word' id='word_1_325' title='bbox 850 4021 916 4076; x_wconf 76' lang='lat' dir='ltr'><strong>Get:</strong></span> <span class='ocrx_word' id='word_1_326' title='bbox 933 4021 1015 4090; x_wconf 91' lang='lat' dir='ltr'><strong>primi</strong></span> <span class='ocrx_word' id='word_1_327' title='bbox 1032 4011 1095 4076; x_wconf 85' lang='lat' dir='ltr'><strong>eunt</strong></span> <span class='ocrx_word' id='word_1_328' title='bbox 1112 4021 1140 4074; x_wconf 91' lang='lat' dir='ltr'><strong><em>P</em></strong></span> <span class='ocrx_word' id='word_1_329' title='bbox 1242 4027 1323 4078; x_wconf 86' lang='lat' dir='ltr'><strong>sunto</strong></span> 
     </span>
     <span class='ocr_line' id='line_1_36' title="bbox 210 4105 1323 4178; baseline 0.001 -15"><span class='ocrx_word' id='word_1_330' title='bbox 210 4108 332 4175; x_wconf 88' lang='lat' dir='ltr'><strong>artifices,</strong></span> <span class='ocrx_word' id='word_1_331' title='bbox 350 4109 429 4178; x_wconf 88' lang='lat' dir='ltr'><strong>primi</strong></span> <span class='ocrx_word' id='word_1_332' title='bbox 451 4111 529 4163; x_wconf 88' lang='lat' dir='ltr'><strong>sunto</strong></span> <span class='ocrx_word' id='word_1_333' title='bbox 553 4107 627 4163; x_wconf 69' lang='lat' dir='ltr'><strong>Halm</strong></span> <span class='ocrx_word' id='word_1_334' title='bbox 734 4105 769 4160; x_wconf 78' lang='lat'><strong>20</strong></span> <span class='ocrx_word' id='word_1_335' title='bbox 786 4109 851 4175; x_wconf 88' lang='lat' dir='ltr'><strong>aput</strong></span> <span class='ocrx_word' id='word_1_336' title='bbox 868 4108 896 4161; x_wconf 95' lang='lat' dir='ltr'><strong><em>P</em></strong></span> <span class='ocrx_word' id='word_1_337' title='bbox 911 4123 973 4162; x_wconf 81' lang='lat' dir='ltr'><strong>corr</strong></span> <span class='ocrx_word' id='word_1_338' title='bbox 1079 4107 1111 4160; x_wconf 95' lang='grc'><strong>21</strong></span> <span class='ocrx_word' id='word_1_339' title='bbox 1129 4123 1194 4162; x_wconf 89' lang='lat' dir='ltr'><strong>usus</strong></span> <span class='ocrx_word' id='word_1_340' title='bbox 1211 4107 1323 4164; x_wconf 86' lang='lat' dir='ltr'><strong>illorum</strong></span> 
     </span>
     <span class='ocr_line' id='line_1_37' title="bbox 209 4191 1321 4264; baseline -0.001 -14"><span class='ocrx_word' id='word_1_341' title='bbox 209 4195 292 4264; x_wconf 69' lang='lat' dir='ltr'><strong>culpo</strong></span> <span class='ocrx_word' id='word_1_342' title='bbox 402 4197 435 4250; x_wconf 90' lang='grc'><strong>23</strong></span> <span class='ocrx_word' id='word_1_343' title='bbox 452 4196 519 4249; x_wconf 89' lang='lat' dir='ltr'><strong>alios</strong></span> <span class='ocrx_word' id='word_1_344' title='bbox 535 4193 593 4248; x_wconf 82' lang='lat' dir='ltr'><strong>edd</strong></span> <span class='ocrx_word' id='word_1_345' title='bbox 610 4191 731 4263; x_wconf 75' lang='lat' dir='ltr'><strong>Seuliper</strong></span> <span class='ocrx_word' id='word_1_346' title='bbox 840 4208 966 4262; x_wconf 75' lang='lat' dir='ltr'><strong>gnarures</strong></span> <span class='ocrx_word' id='word_1_347' title='bbox 984 4193 1111 4262; x_wconf 61' lang='lat' dir='ltr'><strong>dealiter,</strong></span> <span class='ocrx_word' id='word_1_348' title='bbox 1134 4193 1201 4248; x_wconf 82' lang='lat' dir='ltr'><strong>Ure:</strong></span> <span class='ocrx_word' id='word_1_349' title='bbox 1227 4193 1321 4262; x_wconf 78' lang='lat' dir='ltr'><strong>ignaro</strong></span> 
     </span>
     <span class='ocr_line' id='line_1_38' title="bbox 209 4279 1321 4348; baseline 0 -14"><span class='ocrx_word' id='word_1_350' title='bbox 209 4296 249 4334; x_wconf 89' lang='lat' dir='ltr'><strong>res</strong></span> <span class='ocrx_word' id='word_1_351' title='bbox 266 4281 294 4334; x_wconf 93' lang='lat' dir='ltr'><strong><em>P</em></strong></span> <span class='ocrx_word' id='word_1_352' title='bbox 309 4281 445 4348; x_wconf 78' lang='lat' dir='ltr'><strong>gnariores</strong></span> <span class='ocrx_word' id='word_1_353' title='bbox 464 4279 518 4334; x_wconf 78' lang='lat' dir='ltr'><strong>Sat</strong></span> <span class='ocrx_word' id='word_1_354' title='bbox 534 4280 671 4347; x_wconf 80' lang='lat' dir='ltr'><strong>ignarnres</strong></span> <span class='ocrx_word' id='word_1_355' title='bbox 689 4279 829 4334; x_wconf 71' lang='lat' dir='ltr'><strong>orauere</strong></span> <span class='ocrx_word' id='word_1_356' title='bbox 936 4280 967 4334; x_wconf 81' lang='lat' dir='ltr'><strong>lu</strong></span> <span class='ocrx_word' id='word_1_357' title='bbox 982 4295 1024 4348; x_wconf 73' lang='lat' dir='ltr'><strong>cop</strong></span> <span class='ocrx_word' id='word_1_358' title='bbox 1167 4279 1201 4334; x_wconf 81' lang='grc'><strong>24</strong></span> <span class='ocrx_word' id='word_1_359' title='bbox 1218 4281 1321 4348; x_wconf 77' lang='lat' dir='ltr'><strong>singuli</strong></span> 
     </span>
     <span class='ocr_line' id='line_1_39' title="bbox 209 4363 765 4433; baseline -0.004 -13"><span class='ocrx_word' id='word_1_360' title='bbox 209 4381 237 4420; x_wconf 89' lang='lat' dir='ltr'><strong>se</strong></span> <span class='ocrx_word' id='word_1_361' title='bbox 252 4365 362 4421; x_wconf 76' lang='lat' dir='ltr'><strong>uincam</strong></span> <span class='ocrx_word' id='word_1_362' title='bbox 384 4365 448 4420; x_wconf 82' lang='lat' dir='ltr'><strong>Ure.-</strong></span> <span class='ocrx_word' id='word_1_363' title='bbox 465 4364 579 4433; x_wconf 78' lang='lat' dir='ltr'><strong>singulis</strong></span> <span class='ocrx_word' id='word_1_364' title='bbox 596 4365 719 4420; x_wconf 86' lang='lat' dir='ltr'><strong>enincant</strong></span> <span class='ocrx_word' id='word_1_365' title='bbox 737 4363 765 4418; x_wconf 91' lang='lat' dir='ltr'><strong><em>P</em></strong></span> 
     </span>
    </p>
   </div>
   <div class='ocr_carea' id='block_1_4' title="bbox 0 0 1462 5010">
    <p class='ocr_par' dir='ltr' id='par_1_4' title="bbox 0 0 1462 5010">
     <span class='ocr_line' id='line_1_40' title="bbox 0 0 1462 5010; baseline 0 4"><span class='ocrx_word' id='word_1_366' title='bbox 0 0 1462 5010; x_wconf 95' lang='lat' dir='ltr'><strong> </strong></span> 
     </span>
    </p>
   </div>
  </div>
 </body>
</html>
