2916 5010
572 472 673 528 Liber
693 473 730 530 II.
1166 476 1207 542 79
1258 521 1262 535 s

89 667 182 733 cupos
208 667 378 714 pannorum
406 645 630 739 sirpiarumque
654 636 792 712 nitores?
821 646 894 729 quid
921 645 1052 713 fullones
1073 645 1207 714 buarios

87 752 272 836 phrygiones
299 768 384 816 cocos
410 748 649 833 panchristarios
684 749 836 822 muliones
862 750 985 814 lenones
1010 749 1108 816 lanios
1141 770 1208 817 me-
1264 807 1266 810 ,

88 855 238 921 retrices?
269 852 344 936 quid
373 853 551 919 institorum
580 851 643 919 alia
671 872 802 936 genera,
833 853 908 936 quid
941 853 1148 937 professorum
1177 855 1208 921 et

90 958 216 1035 artium,
236 957 347 1039 quibus
369 955 582 1023 enumerandis
597 956 695 1022 omnis
711 957 796 1023 aetas
811 957 942 1040 angusta
955 958 1012 1036 est,
1034 957 1207 1025 rationibus

64 1059 252 1128 sconferunt
273 1060 305 1124 et
326 1059 599 1126 constitutionibus
620 1060 746 1138 mundi,
775 1061 811 1125 nt
832 1061 899 1126 sine
919 1060 1096 1128 hominibus
1118 1062 1207 1127 condi

90 1182 151 1229 non
172 1162 308 1246 potuisse
330 1163 470 1228 credatur
490 1181 546 1228 nec
572 1163 753 1246 optentnrns
781 1163 995 1248 integritatem
1016 1165 1074 1244 sui,
1097 1166 1157 1231 nisi
1179 1165 1258 1232 eit,

90 1263 245 1340 contentio
267 1265 410 1331 animalis
431 1265 536 1331 miseri
558 1267 793 1350 etsupernacui
814 1267 1013 1351 iungeretur?
1045 1269 1106 1334 nisi
1127 1270 1207 1334 forte

90 1387 195 1435 rerum
210 1367 362 1446 dominns,
379 1386 456 1450 quae
466 1369 651 1434 temeritatis
666 1371 714 1436 est
728 1370 879 1436 maximae
893 1369 1027 1436 humano
1040 1390 1077 1437 er
1091 1390 1141 1438 ore
1155 1375 1209 1438 de-
1330 1383 1332 1400 '

90 1487 242 1555 promere,
269 1469 274 1557 Ι
300 1471 412 1537 idcirco
445 1489 481 1536 er
507 1489 540 1535 se
571 1471 691 1555 genitas
717 1472 778 1538 huc
804 1473 922 1538 animas
943 1473 1044 1552 misit,
1072 1476 1109 1540 ut
1131 1489 1293 1558 quaerre·

54 1574 214 1640 minorant
235 1575 316 1656 apud
338 1591 369 1638 se
391 1573 473 1651 deae,
497 1575 632 1657 corporei
653 1575 756 1640 tactus
778 1576 810 1639 et
830 1574 975 1642 tanariae
994 1575 1209 1662 circumscrip-

90 1679 184 1743 tionis
207 1677 360 1760 expertes,
389 1676 523 1742 humana
544 1677 789 1762 inmergerentnr
809 1678 843 1743 in
866 1677 997 1758 semina,
1026 1679 1209 1746 femmarum
1307 1736 1309 1744 ,
1346 1693 1349 1712 ·

91 1801 128 1847 er
149 1779 337 1865 genitalibus
358 1779 544 1864 prosilirent,
566 1779 777 1864 ineptissimos
798 1782 924 1847 ederent
938 1782 1211 1866 continuarentque

91 1884 233 1968 uagitus,
262 1883 445 1968 exsugerent
472 1882 642 1948 fellitantes
664 1901 832 1962 mammas,
858 1885 999 1968 proluuie
1026 1884 1157 1951 linerent
1179 1886 1212 1952 et

91 1985 287 2052 madidarent
307 2004 340 2050 se
362 2004 428 2064 sua,
450 1986 525 2050 tunc
546 1986 585 2050 ad
607 1985 768 2051 silentium
782 1986 914 2070 pauidae
928 1987 1058 2054 nutricis
1072 1989 1210 2055 motibus

55 2092 124 2156 ccc
147 2089 341 2174 crepitaculis
364 2088 585 2155 adducerentur
606 2089 732 2155 auditis.
765 2089 879 2154 idcirco
906 2091 1024 2155 animas
1050 2091 1153 2170 misit,
1174 2093 1211 2157 ut

93 2211 171 2277 qnae
193 2193 315 2258 fuerant
335 2189 491 2276 'simplices
521 2192 553 2257 et
580 2192 729 2258 bonitatis
757 2210 852 2275 nuper
880 2192 1036 2272 innoxiae,
1066 2193 1211 2262 simulare

93 2297 128 2361 in
161 2296 338 2361 hominibus
370 2295 539 2374 discerent,
581 2295 776 2377 dissimulare
806 2295 931 2365 mentiri
961 2296 1210 2363 circumscribere

93 2400 218 2478 fallere,
251 2399 423 2466 adulatoria
455 2398 634 2464 humilitate
663 2400 800 2485 captare,
837 2401 939 2465 mente
969 2399 1054 2464 aliud
1085 2399 1211 2465 uoluere

93 2502 179 2569 aliud
200 2503 233 2568 in
254 2503 332 2569 facie
353 2502 506 2586 polliceri,
534 2489 726 2586 inlaqueare,
756 2502 893 2588 decipere
914 2503 993 2568 dolis
1020 2505 1113 2586 atque
1133 2503 1208 2569 iusi-

55 2605 154 2672 sodiis
175 2607 302 2684 nescios,
323 2624 378 2688 per
399 2605 576 2671 innumeras
597 2607 679 2672 artes
694 2606 886 2672 malitiarum
905 2624 1022 2672 uenena
1035 2605 1210 2688 conquirere

92 2711 125 2775 et
146 2709 186 2774 ad
206 2729 299 2775 usum
319 2708 468 2791 temporis
490 2709 639 2792 pellaciae
654 2708 828 2775 mobilitate
842 2707 994 2775 formari?
1014 2708 1127 2774 idcirco
1142 2708 1210 2773 ani·

92 2827 161 2878 mas
181 2811 279 2895 misit,
301 2811 337 2876 ut
358 2811 392 2876 in
413 2813 523 2894 pacata
545 2811 576 2876 et
597 2810 720 2894 placida
740 2810 967 2893 tranquillitate
988 2811 1134 2895 degentes
1155 2811 1210 2876 ad-
1312 2811 1314 2818 '

93 2916 251 2981 sumerent
272 2934 308 2981 er
330 2914 505 2998 corporibus
531 2932 638 2980 causas
660 2914 772 3011 quibus
786 2913 867 2979 ferae
880 2914 988 2980 fierent
1002 2916 1034 2980 et
1047 2915 1210 2992 immanes,

93 3017 271 3085 simultates
292 3019 386 3100 atque
400 3016 582 3084 inimicitias
598 3019 745 3102 gererent,
768 3018 960 3084 consererent
974 3017 1054 3083 inter
1069 3036 1102 3083 se
1116 3017 1209 3098 bella,

55 3122 302 3204 aaarpugnarent
323 3123 415 3204 atque
437 3121 610 3188 euaderent
632 3121 791 3200 ciuitates,
819 3121 978 3188 seruitutis
1004 3120 1211 3205 opprimerent

93 3225 126 3288 et
147 3224 357 3306 manciparent
379 3241 412 3288 sc
439 3223 512 3308 iugo
540 3225 572 3291 et
592 3223 632 3290 ad
658 3224 807 3290 ultimum
833 3223 942 3289 fierent
963 3223 1092 3290 alterius
1114 3224 1211 3290 altera

93 3326 256 3410 potestatis
277 3328 432 3394 natalium
454 3328 630 3394 condicione
657 3329 799 3406 mutata?
831 3327 944 3393 idcirco
970 3327 1087 3392 animas
1112 3326 1209 3406 misit,

94 3430 132 3493 nt
152 3429 336 3496 inmemores
358 3430 502 3496 ueritatis
530 3429 655 3497 effectae
677 3433 709 3497 et
730 3429 877 3514 quidnam
900 3431 980 3497 esset
1002 3430 1076 3496 deus
1097 3429 1211 3496 oblitae
1322 3417 1323 3422 ’

93 3531 267 3599 simulacris
284 3532 439 3599 inertibus
463 3533 685 3618 supplicarent,
714 3534 801 3618 ligna
822 3552 893 3599 aera
913 3533 946 3598 et
966 3533 1083 3616 lapides
1105 3530 1211 3598 diuina

130 3717 296 3773 luinctores
314 3720 369 3774 διώ
471 3720 640 3788 tfrygiones
657 3719 685 3774 P
819 3719 1029 3788 panchrestarios
1050 3718 1209 3774 Turnebus:

93 3803 347 3874 pancbrystariqu
412 3804 595 3860 3institorum
608 3805 914 3861 SobrinstitutorumP
979 3802 1146 3859 domniaeP

93 3889 112 3943 5
138 3889 257 3944 conferre
285 3891 339 3944 Sub
440 3891 458 3944 8
484 3906 571 3945 rerum
597 3889 719 3945 dominus
740 3889 893 3945 Vablcrmrr
917 3906 962 3945 rer
984 3888 1098 3944 mundns
1115 3889 1144 3942 P
1167 3902 1211 3942 rex

94 3973 189 4028 mundi
198 3975 254 4028 Sco
356 3990 421 4045 quae
436 3975 589 4030 Vadlencs:
606 3974 721 4044 qnemP
739 3967 807 4044 qnod
824 3976 876 4032 Urs
970 3967 1144 4029 borePcorr

94 4060 130 4114 10
141 4060 246 4115 decaP
345 4061 470 4115 tanariae
487 4059 615 4117 Ocellam
631 4061 953 4117 temerariaePterrenae
969 4060 1020 4116 Ura
1120 4058 1154 4112 11
1171 4073 1211 4112 se·

93 4145 295 4200 minasPoorr
385 4137 651 4216 '1aexugeronc12
764 4147 798 4201 14
814 4147 888 4218 tuno]
907 4149 935 4201 et
952 4149 985 4200 nt
1002 4146 1057 4200 dod
1162 4159 1211 4214 pa·

94 4229 154 4284 uidi
180 4230 236 4286 dab
346 4231 379 4285 17
406 4229 574 4286 dissimulare
599 4231 710 4287 mentiri
737 4232 807 4286 Sub.-
832 4231 1030 4287 dissimularent
1055 4230 1090 4284 iri
1116 4230 1145 4284 P

94 4317 129 4371 18
154 4315 302 4371 adolatoria
324 4315 354 4370 P
483 4316 518 4372 20
542 4317 640 4373 nesci⁰s
661 4317 692 4372 P
822 4317 973 4373 ninumeras
997 4317 1026 4372 P
1044 4331 1106 4372 corr
1127 4331 1144 4370 r

94 4400 237 4470 ilpellaci
253 4401 306 4456 Ura
394 4401 507 4456 formare
519 4403 575 4456 dab
659 4403 904 4460 23laeraePcorr
986 4402 1212 4458 24nellaPcorr
