<?xml version="1.0" encoding="UTF-8"?>
<!DOCTYPE html PUBLIC "-//W3C//DTD XHTML 1.0 Transitional//EN"
    "http://www.w3.org/TR/xhtml1/DTD/xhtml1-transitional.dtd">
<html xmlns="http://www.w3.org/1999/xhtml" xml:lang="en" lang="en">
 <head>
  <title>
</title>
<meta http-equiv="Content-Type" content="text/html;charset=utf-8" />
  <meta name='ocr-system' content='tesseract 3.04.00' />
  <meta name='ocr-capabilities' content='ocr_page ocr_carea ocr_par ocr_line ocrx_word'/>
</head>
<body>
  <div class='ocr_page' id='page_1' title='image "./corpusscriptoru09wissgoog_0077.png"; bbox 0 0 2950 5006; ppageno 0'>
   <div class='ocr_carea' id='block_1_1' title="bbox 249 465 1057 536">
    <p class='ocr_par' dir='ltr' id='par_1_1' title="bbox 249 465 1057 536">
     <span class='ocr_line' id='line_1_1' title="bbox 249 465 1057 536; baseline -0.001 -14"><span class='ocrx_word' id='word_1_1' title='bbox 249 471 293 536; x_wconf 88' lang='lat'>40</span> <span class='ocrx_word' id='word_1_2' title='bbox 550 466 695 523; x_wconf 79' lang='lat' dir='ltr'>nrneo&#39;ii</span> <span class='ocrx_word' id='word_1_3' title='bbox 717 465 875 524; x_wconf 79' lang='lat' dir='ltr'>aduersus</span> <span class='ocrx_word' id='word_1_4' title='bbox 898 469 1057 524; x_wconf 81' lang='lat' dir='ltr'>nationes</span> 
     </span>
    </p>
   </div>
   <div class='ocr_carea' id='block_1_2' title="bbox 246 634 1465 2374">
    <p class='ocr_par' dir='ltr' id='par_1_2' title="bbox 246 634 1465 2374">
     <span class='ocr_line' id='line_1_2' title="bbox 249 634 1372 722; baseline -0.001 -15"><span class='ocrx_word' id='word_1_5' title='bbox 249 661 288 707; x_wconf 86' lang='lat' dir='ltr'>sn</span> <span class='ocrx_word' id='word_1_6' title='bbox 322 641 440 707; x_wconf 88' lang='lat' dir='ltr'>hirsuta</span> <span class='ocrx_word' id='word_1_7' title='bbox 466 659 537 706; x_wconf 91' lang='lat' dir='ltr'>cum</span> <span class='ocrx_word' id='word_1_8' title='bbox 569 639 735 722; x_wconf 86' lang='lat' dir='ltr'>asperitate</span> <span class='ocrx_word' id='word_1_9' title='bbox 765 641 939 722; x_wconf 87' lang='lat' dir='ltr'>promatur,</span> <span class='ocrx_word' id='word_1_10' title='bbox 979 634 1153 706; x_wconf 79' lang='lat' dir='ltr'>mflectatur</span> <span class='ocrx_word' id='word_1_11' title='bbox 1180 640 1261 722; x_wconf 85' lang='lat' dir='ltr'>quod</span> <span class='ocrx_word' id='word_1_12' title='bbox 1293 639 1372 706; x_wconf 88' lang='lat' dir='ltr'>acui</span> 
     </span>
     <span class='ocr_line' id='line_1_3' title="bbox 250 739 1372 827; baseline -0.002 -17"><span class='ocrx_word' id='word_1_13' title='bbox 250 765 290 810; x_wconf 91' lang='lat' dir='ltr'>an</span> <span class='ocrx_word' id='word_1_14' title='bbox 318 744 445 810; x_wconf 76' lang='lat' dir='ltr'>oculatur</span> <span class='ocrx_word' id='word_1_15' title='bbox 472 741 552 827; x_wconf 83' lang='lat' dir='ltr'>quod</span> <span class='ocrx_word' id='word_1_16' title='bbox 584 741 744 826; x_wconf 75' lang='lat' dir='ltr'>oportebat</span> <span class='ocrx_word' id='word_1_17' title='bbox 776 739 913 808; x_wconf 74' lang='lat' dir='ltr'>inflectit</span> <span class='ocrx_word' id='word_1_18' title='bbox 946 742 1001 809; x_wconf 89' lang='lat' dir='ltr'>aut</span> <span class='ocrx_word' id='word_1_19' title='bbox 1028 743 1082 826; x_wconf 93' lang='lat' dir='ltr'>qui</span> <span class='ocrx_word' id='word_1_20' title='bbox 1104 744 1206 808; x_wconf 90' lang='lat' dir='ltr'>minus</span> <span class='ocrx_word' id='word_1_21' title='bbox 1227 743 1261 808; x_wconf 87' lang='lat' dir='ltr'>id</span> <span class='ocrx_word' id='word_1_22' title='bbox 1283 744 1372 825; x_wconf 84' lang='lat' dir='ltr'>quod</span> 
     </span>
     <span class='ocr_line' id='line_1_4' title="bbox 249 843 1372 936; baseline 0 -24"><span class='ocrx_word' id='word_1_23' title='bbox 249 847 364 914; x_wconf 82' lang='lat' dir='ltr'>licitur</span> <span class='ocrx_word' id='word_1_24' title='bbox 395 865 504 936; x_wconf 83' lang='lat' dir='ltr'>uerpm</span> <span class='ocrx_word' id='word_1_25' title='bbox 536 847 598 924; x_wconf 87' lang='lat' dir='ltr'>est,</span> <span class='ocrx_word' id='word_1_26' title='bbox 631 843 658 912; x_wconf 91' lang='lat' dir='ltr'>si</span> <span class='ocrx_word' id='word_1_27' title='bbox 690 845 724 911; x_wconf 94' lang='lat' dir='ltr'>in</span> <span class='ocrx_word' id='word_1_28' title='bbox 752 865 880 912; x_wconf 90' lang='lat' dir='ltr'>numero</span> <span class='ocrx_word' id='word_1_29' title='bbox 912 847 1053 930; x_wconf 87' lang='lat' dir='ltr'>peccetur</span> <span class='ocrx_word' id='word_1_30' title='bbox 1085 850 1139 911; x_wconf 88' lang='lat' dir='ltr'>aut</span> <span class='ocrx_word' id='word_1_31' title='bbox 1171 864 1244 912; x_wconf 85' lang='lat' dir='ltr'>casu</span> <span class='ocrx_word' id='word_1_32' title='bbox 1274 863 1372 928; x_wconf 85' lang='lat' dir='ltr'>prae-</span> 
     </span>
     <span class='ocr_line' id='line_1_5' title="bbox 249 948 1372 1035; baseline 0 -19"><span class='ocrx_word' id='word_1_33' title='bbox 249 949 399 1035; x_wconf 73' lang='lat' dir='ltr'><strong>positione</strong></span> <span class='ocrx_word' id='word_1_34' title='bbox 434 948 596 1034; x_wconf 89' lang='lat' dir='ltr'>participio</span> <span class='ocrx_word' id='word_1_35' title='bbox 635 949 870 1015; x_wconf 79' lang='lat' dir='ltr'>coniunctione?</span> <span class='ocrx_word' id='word_1_36' title='bbox 906 967 1018 1032; x_wconf 86' lang='lat' dir='ltr'>pompa</span> <span class='ocrx_word' id='word_1_37' title='bbox 1055 949 1116 1015; x_wconf 85' lang='lat' dir='ltr'>ista</span> <span class='ocrx_word' id='word_1_38' title='bbox 1155 949 1303 1014; x_wconf 85' lang='lat' dir='ltr'>sermonis</span> <span class='ocrx_word' id='word_1_39' title='bbox 1333 951 1372 1016; x_wconf 89' lang='lat' dir='ltr'>et</span> 
     </span>
     <span class='ocr_line' id='line_1_6' title="bbox 250 1051 1411 1136; baseline -0.002 -18"><span class='ocrx_word' id='word_1_40' title='bbox 250 1053 346 1118; x_wconf 86' lang='lat' dir='ltr'>oratio</span> <span class='ocrx_word' id='word_1_41' title='bbox 379 1053 474 1118; x_wconf 91' lang='lat' dir='ltr'>missa</span> <span class='ocrx_word' id='word_1_42' title='bbox 501 1071 556 1136; x_wconf 92' lang='lat' dir='ltr'>per</span> <span class='ocrx_word' id='word_1_43' title='bbox 582 1052 703 1136; x_wconf 80' lang='lat' dir='ltr'>regulus</span> <span class='ocrx_word' id='word_1_44' title='bbox 731 1051 922 1118; x_wconf 90' lang='lat' dir='ltr'>contionibus</span> <span class='ocrx_word' id='word_1_45' title='bbox 949 1051 1058 1118; x_wconf 88' lang='lat' dir='ltr'>litibus</span> <span class='ocrx_word' id='word_1_46' title='bbox 1084 1051 1149 1119; x_wconf 81' lang='lat' dir='ltr'>foro</span> <span class='ocrx_word' id='word_1_47' title='bbox 1182 1052 1411 1136; x_wconf 77' lang='lat' dir='ltr'>iudiciisques</span> 
     </span>
     <span class='ocr_line' id='line_1_7' title="bbox 249 1149 1372 1239; baseline 0 -18"><span class='ocrx_word' id='word_1_48' title='bbox 249 1157 388 1224; x_wconf 89' lang='lat' dir='ltr'>seruetur</span> <span class='ocrx_word' id='word_1_49' title='bbox 420 1149 568 1239; x_wconf 82' lang='lat' dir='ltr'>deturque</span> <span class='ocrx_word' id='word_1_50' title='bbox 599 1154 665 1220; x_wconf 92' lang='lat' dir='ltr'>illis</span> <span class='ocrx_word' id='word_1_51' title='bbox 691 1155 803 1239; x_wconf 89' lang='lat' dir='ltr'>immo,</span> <span class='ocrx_word' id='word_1_52' title='bbox 837 1153 890 1238; x_wconf 91' lang='lat' dir='ltr'>qui</span> <span class='ocrx_word' id='word_1_53' title='bbox 926 1155 1123 1238; x_wconf 87' lang='lat' dir='ltr'>uoluptatum</span> <span class='ocrx_word' id='word_1_54' title='bbox 1157 1155 1372 1221; x_wconf 82' lang='lat' dir='ltr'>delenimenta</span> 
     </span>
     <span class='ocr_line' id='line_1_8' title="bbox 249 1257 1371 1343; baseline -0.001 -19"><span class='ocrx_word' id='word_1_55' title='bbox 249 1259 428 1343; x_wconf 72' lang='lat' dir='ltr'>quaerentes</span> <span class='ocrx_word' id='word_1_56' title='bbox 462 1275 551 1324; x_wconf 90' lang='lat' dir='ltr'>omne</span> <span class='ocrx_word' id='word_1_57' title='bbox 583 1277 674 1324; x_wconf 91' lang='lat' dir='ltr'>suum</span> <span class='ocrx_word' id='word_1_58' title='bbox 707 1259 846 1324; x_wconf 83' lang='lat' dir='ltr'>studium</span> <span class='ocrx_word' id='word_1_59' title='bbox 873 1258 1037 1326; x_wconf 88' lang='lat' dir='ltr'>uerborum</span> <span class='ocrx_word' id='word_1_60' title='bbox 1057 1257 1090 1324; x_wconf 92' lang='lat' dir='ltr'>iu</span> <span class='ocrx_word' id='word_1_61' title='bbox 1112 1259 1232 1324; x_wconf 89' lang='lat' dir='ltr'>lumina</span> <span class='ocrx_word' id='word_1_62' title='bbox 1253 1258 1371 1324; x_wconf 88' lang='lat' dir='ltr'>coutu-</span> 
     </span>
     <span class='ocr_line' id='line_1_9' title="bbox 249 1359 1372 1445; baseline -0.001 -17"><span class='ocrx_word' id='word_1_63' title='bbox 249 1362 361 1428; x_wconf 85' lang='lat' dir='ltr'>lerunt.</span> <span class='ocrx_word' id='word_1_64' title='bbox 398 1380 469 1426; x_wconf 90' lang='lat' dir='ltr'>cum</span> <span class='ocrx_word' id='word_1_65' title='bbox 491 1359 528 1426; x_wconf 85' lang='lat' dir='ltr'>de</span> <span class='ocrx_word' id='word_1_66' title='bbox 558 1361 648 1426; x_wconf 91' lang='lat' dir='ltr'>rebus</span> <span class='ocrx_word' id='word_1_67' title='bbox 671 1361 775 1445; x_wconf 82' lang='lat' dir='ltr'>egitur</span> <span class='ocrx_word' id='word_1_68' title='bbox 796 1361 835 1428; x_wconf 86' lang='lat' dir='ltr'>ab</span> <span class='ocrx_word' id='word_1_69' title='bbox 857 1362 1064 1428; x_wconf 74' lang='lat' dir='ltr'>ostentatione</span> <span class='ocrx_word' id='word_1_70' title='bbox 1086 1362 1266 1443; x_wconf 88' lang='lat' dir='ltr'>summotis,</span> <span class='ocrx_word' id='word_1_71' title='bbox 1289 1361 1372 1444; x_wconf 91' lang='lat' dir='ltr'>quid</span> 
     </span>
     <span class='ocr_line' id='line_1_10' title="bbox 248 1463 1370 1548; baseline -0.001 -18"><span class='ocrx_word' id='word_1_72' title='bbox 248 1465 368 1530; x_wconf 89' lang='lat' dir='ltr'>dicatur</span> <span class='ocrx_word' id='word_1_73' title='bbox 398 1465 598 1548; x_wconf 88' lang='lat' dir='ltr'>spectandum</span> <span class='ocrx_word' id='word_1_74' title='bbox 627 1465 689 1543; x_wconf 89' lang='lat' dir='ltr'>est,</span> <span class='ocrx_word' id='word_1_75' title='bbox 722 1482 783 1530; x_wconf 95' lang='lat' dir='ltr'>non</span> <span class='ocrx_word' id='word_1_76' title='bbox 812 1463 897 1547; x_wconf 89' lang='lat' dir='ltr'>quali</span> <span class='ocrx_word' id='word_1_77' title='bbox 924 1483 995 1530; x_wconf 90' lang='lat' dir='ltr'>cum</span> <span class='ocrx_word' id='word_1_78' title='bbox 1023 1465 1210 1531; x_wconf 88' lang='lat' dir='ltr'>amoenitate</span> <span class='ocrx_word' id='word_1_79' title='bbox 1233 1465 1370 1544; x_wconf 82' lang='lat' dir='ltr'>dicatur,</span> 
     </span>
     <span class='ocr_line' id='line_1_11' title="bbox 248 1565 1409 1651; baseline -0.002 -21"><span class='ocrx_word' id='word_1_80' title='bbox 248 1585 303 1632; x_wconf 87' lang='lat' dir='ltr'>nec</span> <span class='ocrx_word' id='word_1_81' title='bbox 336 1566 411 1649; x_wconf 87' lang='lat' dir='ltr'>quid</span> <span class='ocrx_word' id='word_1_82' title='bbox 442 1585 530 1633; x_wconf 90' lang='lat' dir='ltr'>aures</span> <span class='ocrx_word' id='word_1_83' title='bbox 562 1565 783 1650; x_wconf 87' lang='lat' dir='ltr'>commulceat,</span> <span class='ocrx_word' id='word_1_84' title='bbox 820 1569 873 1634; x_wconf 89' lang='lat' dir='ltr'>sed</span> <span class='ocrx_word' id='word_1_85' title='bbox 907 1585 982 1651; x_wconf 89' lang='lat' dir='ltr'>quas</span> <span class='ocrx_word' id='word_1_86' title='bbox 1016 1567 1134 1634; x_wconf 87' lang='lat' dir='ltr'>adferat</span> <span class='ocrx_word' id='word_1_87' title='bbox 1166 1567 1371 1634; x_wconf 84' lang='lat' dir='ltr'>audientibus</span> <span class='ocrx_word' id='word_1_88' title='bbox 1382 1591 1409 1629; x_wconf 86' lang='lat' dir='ltr'>lo</span> 
     </span>
     <span class='ocr_line' id='line_1_12' title="bbox 249 1669 1371 1760; baseline 0.002 -26"><span class='ocrx_word' id='word_1_89' title='bbox 249 1669 416 1748; x_wconf 80' lang='lat' dir='ltr'>utilitates,</span> <span class='ocrx_word' id='word_1_90' title='bbox 449 1670 580 1735; x_wconf 87' lang='lat' dir='ltr'>maxime</span> <span class='ocrx_word' id='word_1_91' title='bbox 613 1689 683 1736; x_wconf 83' lang='lat' dir='ltr'>cunr</span> <span class='ocrx_word' id='word_1_92' title='bbox 711 1670 844 1737; x_wconf 91' lang='lat' dir='ltr'>sciamus</span> <span class='ocrx_word' id='word_1_93' title='bbox 856 1673 966 1756; x_wconf 71' lang='lat' dir='ltr'>etiam</span> <span class='ocrx_word' id='word_1_94' title='bbox 988 1673 1136 1760; x_wconf 83' lang='lat' dir='ltr'>quosdam</span> <span class='ocrx_word' id='word_1_95' title='bbox 1157 1671 1192 1736; x_wconf 93' lang='lat' dir='ltr'>iu</span> <span class='ocrx_word' id='word_1_96' title='bbox 1212 1669 1371 1754; x_wconf 85' lang='lat' dir='ltr'>sapientia</span> 
     </span>
     <span class='ocr_line' id='line_1_13' title="bbox 249 1767 1465 1854; baseline -0.003 -16"><span class='ocrx_word' id='word_1_97' title='bbox 249 1773 365 1839; x_wconf 87' lang='lat' dir='ltr'>deditos</span> <span class='ocrx_word' id='word_1_98' title='bbox 393 1791 453 1838; x_wconf 93' lang='lat' dir='ltr'>non</span> <span class='ocrx_word' id='word_1_99' title='bbox 474 1774 598 1838; x_wconf 90' lang='lat' dir='ltr'>tantum</span> <span class='ocrx_word' id='word_1_100' title='bbox 625 1773 771 1840; x_wconf 89' lang='lat' dir='ltr'>abiecisse</span> <span class='ocrx_word' id='word_1_101' title='bbox 797 1767 945 1840; x_wconf 88' lang='lat' dir='ltr'>sermonis</span> <span class='ocrx_word' id='word_1_102' title='bbox 973 1775 1092 1840; x_wconf 88' lang='lat' dir='ltr'>cultum</span> <span class='ocrx_word' id='word_1_103' title='bbox 1120 1792 1229 1839; x_wconf 90' lang='lat' dir='ltr'>uerum</span> <span class='ocrx_word' id='word_1_104' title='bbox 1257 1773 1369 1854; x_wconf 69' lang='lat' dir='ltr'>suam,</span> <span class='ocrx_word' id='word_1_105' title='bbox 1460 1823 1465 1834; x_wconf 93' lang='lat'><strong>.</strong></span> 
     </span>
     <span class='ocr_line' id='line_1_14' title="bbox 248 1875 1369 1960; baseline 0.002 -20"><span class='ocrx_word' id='word_1_106' title='bbox 248 1895 318 1941; x_wconf 92' lang='lat' dir='ltr'>cum</span> <span class='ocrx_word' id='word_1_107' title='bbox 345 1879 468 1960; x_wconf 90' lang='lat' dir='ltr'>possent</span> <span class='ocrx_word' id='word_1_108' title='bbox 495 1877 632 1943; x_wconf 90' lang='lat' dir='ltr'>ornatius</span> <span class='ocrx_word' id='word_1_109' title='bbox 663 1877 755 1960; x_wconf 88' lang='lat' dir='ltr'>atque</span> <span class='ocrx_word' id='word_1_110' title='bbox 777 1877 901 1944; x_wconf 89' lang='lat' dir='ltr'>uberius</span> <span class='ocrx_word' id='word_1_111' title='bbox 929 1878 1046 1960; x_wconf 81' lang='lat' dir='ltr'>eloqui,</span> <span class='ocrx_word' id='word_1_112' title='bbox 1080 1877 1239 1943; x_wconf 86' lang='lat' dir='ltr'>triuialem</span> <span class='ocrx_word' id='word_1_113' title='bbox 1260 1875 1369 1954; x_wconf 85' lang='lat' dir='ltr'>studio</span> 
     </span>
     <span class='ocr_line' id='line_1_15' title="bbox 248 1977 1371 2066; baseline 0.003 -23"><span class='ocrx_word' id='word_1_114' title='bbox 248 1979 458 2046; x_wconf 86' lang='lat' dir='ltr'>humilitatem</span> <span class='ocrx_word' id='word_1_115' title='bbox 473 1984 602 2059; x_wconf 88' lang='lat' dir='ltr'>secutos,</span> <span class='ocrx_word' id='word_1_116' title='bbox 617 2001 655 2047; x_wconf 93' lang='lat' dir='ltr'>ue</span> <span class='ocrx_word' id='word_1_117' title='bbox 670 1985 903 2065; x_wconf 78' lang='lat' dir='ltr'>conrumperent</span> <span class='ocrx_word' id='word_1_118' title='bbox 917 1977 1037 2047; x_wconf 90' lang='lat' dir='ltr'>scilicet</span> <span class='ocrx_word' id='word_1_119' title='bbox 1048 1980 1215 2066; x_wconf 84' lang='lat' dir='ltr'>grauitatis</span> <span class='ocrx_word' id='word_1_120' title='bbox 1230 1980 1371 2065; x_wconf 83' lang='lat' dir='ltr'>rigorem</span> 
     </span>
     <span class='ocr_line' id='line_1_16' title="bbox 247 2082 1407 2167; baseline 0.003 -21"><span class='ocrx_word' id='word_1_121' title='bbox 247 2085 278 2147; x_wconf 89' lang='lat' dir='ltr'>et</span> <span class='ocrx_word' id='word_1_122' title='bbox 308 2082 474 2166; x_wconf 87' lang='lat' dir='ltr'>sophistica</span> <span class='ocrx_word' id='word_1_123' title='bbox 502 2101 534 2149; x_wconf 89' lang='lat' dir='ltr'>se</span> <span class='ocrx_word' id='word_1_124' title='bbox 560 2083 662 2167; x_wconf 90' lang='lat' dir='ltr'>potius</span> <span class='ocrx_word' id='word_1_125' title='bbox 690 2085 893 2150; x_wconf 87' lang='lat' dir='ltr'>ostentatione</span> <span class='ocrx_word' id='word_1_126' title='bbox 919 2085 1079 2151; x_wconf 77' lang='lat' dir='ltr'>lactarent.</span> <span class='ocrx_word' id='word_1_127' title='bbox 1119 2085 1275 2150; x_wconf 89' lang='lat' dir='ltr'>enimuero</span> <span class='ocrx_word' id='word_1_128' title='bbox 1297 2083 1407 2151; x_wconf 80' lang='lat' dir='ltr'>dis-re</span> 
     </span>
     <span class='ocr_line' id='line_1_17' title="bbox 247 2186 1370 2270; baseline 0.002 -19"><span class='ocrx_word' id='word_1_129' title='bbox 247 2187 342 2252; x_wconf 93' lang='lat' dir='ltr'>soluti</span> <span class='ocrx_word' id='word_1_130' title='bbox 364 2191 411 2252; x_wconf 89' lang='lat' dir='ltr'>est</span> <span class='ocrx_word' id='word_1_131' title='bbox 432 2187 563 2270; x_wconf 88' lang='lat' dir='ltr'>pectoris</span> <span class='ocrx_word' id='word_1_132' title='bbox 584 2187 617 2252; x_wconf 91' lang='lat' dir='ltr'>in</span> <span class='ocrx_word' id='word_1_133' title='bbox 639 2186 730 2253; x_wconf 90' lang='lat' dir='ltr'>rebus</span> <span class='ocrx_word' id='word_1_134' title='bbox 751 2187 839 2254; x_wconf 91' lang='lat' dir='ltr'>seriis</span> <span class='ocrx_word' id='word_1_135' title='bbox 861 2203 1004 2270; x_wconf 87' lang='lat' dir='ltr'>quaerere</span> <span class='ocrx_word' id='word_1_136' title='bbox 1024 2186 1218 2270; x_wconf 87' lang='lat' dir='ltr'>uoluptatem</span> <span class='ocrx_word' id='word_1_137' title='bbox 1239 2190 1271 2251; x_wconf 93' lang='lat' dir='ltr'>et</span> <span class='ocrx_word' id='word_1_138' title='bbox 1292 2205 1370 2253; x_wconf 91' lang='lat' dir='ltr'>cum</span> 
     </span>
     <span class='ocr_line' id='line_1_18' title="bbox 246 2289 1369 2374; baseline 0.004 -21"><span class='ocrx_word' id='word_1_139' title='bbox 246 2289 306 2354; x_wconf 91' lang='lat' dir='ltr'>tibi</span> <span class='ocrx_word' id='word_1_140' title='bbox 334 2290 375 2354; x_wconf 89' lang='lat' dir='ltr'>sit</span> <span class='ocrx_word' id='word_1_141' title='bbox 402 2291 481 2356; x_wconf 90' lang='lat' dir='ltr'>ratio</span> <span class='ocrx_word' id='word_1_142' title='bbox 504 2309 585 2366; x_wconf 57' lang='lat' dir='ltr'>„cum</span> <span class='ocrx_word' id='word_1_143' title='bbox 616 2291 698 2355; x_wconf 86' lang='lat' dir='ltr'>male</span> <span class='ocrx_word' id='word_1_144' title='bbox 725 2309 757 2356; x_wconf 90' lang='lat' dir='ltr'>se</span> <span class='ocrx_word' id='word_1_145' title='bbox 784 2290 969 2356; x_wconf 88' lang='lat' dir='ltr'>habentibus</span> <span class='ocrx_word' id='word_1_146' title='bbox 1003 2293 1094 2374; x_wconf 88' lang='lat' dir='ltr'>atque</span> <span class='ocrx_word' id='word_1_147' title='bbox 1122 2291 1238 2374; x_wconf 79' lang='lat' dir='ltr'>aegris,</span> <span class='ocrx_word' id='word_1_148' title='bbox 1273 2308 1369 2357; x_wconf 88' lang='lat' dir='ltr'>sonos</span> 
     </span>
    </p>
   </div>
   <div class='ocr_carea' id='block_1_3' title="bbox 67 2391 1370 2481">
    <p class='ocr_par' dir='ltr' id='par_1_3' title="bbox 67 2391 1370 2481">
     <span class='ocr_line' id='line_1_19' title="bbox 67 2391 1370 2481; baseline -0.001 -21"><span class='ocrx_word' id='word_1_149' title='bbox 67 2437 72 2449; x_wconf 88' lang='lat'><strong>·</strong></span> <span class='ocrx_word' id='word_1_150' title='bbox 178 2393 372 2462; x_wconf 72' lang='lat' dir='ltr'>suasoribus</span> <span class='ocrx_word' id='word_1_151' title='bbox 392 2393 551 2459; x_wconf 87' lang='lat' dir='ltr'>infundere</span> <span class='ocrx_word' id='word_1_152' title='bbox 566 2395 724 2470; x_wconf 86' lang='lat' dir='ltr'>dulciores,</span> <span class='ocrx_word' id='word_1_153' title='bbox 748 2413 807 2459; x_wconf 94' lang='lat' dir='ltr'>nou</span> <span class='ocrx_word' id='word_1_154' title='bbox 829 2393 1014 2460; x_wconf 88' lang='lat' dir='ltr'>medicinam</span> <span class='ocrx_word' id='word_1_155' title='bbox 1032 2391 1037 2481; x_wconf 71' lang='lat' dir='ltr'>t</span> <span class='ocrx_word' id='word_1_156' title='bbox 1056 2393 1235 2460; x_wconf 86' lang='lat' dir='ltr'>uulneribus</span> <span class='ocrx_word' id='word_1_157' title='bbox 1257 2395 1370 2460; x_wconf 81' lang='lat' dir='ltr'>aomo-</span> 
     </span>
    </p>
   </div>
   <div class='ocr_carea' id='block_1_4' title="bbox 245 2493 1409 3612">
    <p class='ocr_par' dir='ltr' id='par_1_4' title="bbox 245 2493 1409 3612">
     <span class='ocr_line' id='line_1_20' title="bbox 249 2493 1368 2579; baseline 0.003 -19"><span class='ocrx_word' id='word_1_158' title='bbox 249 2505 326 2562; x_wconf 91' lang='lat' dir='ltr'>uere.</span> <span class='ocrx_word' id='word_1_159' title='bbox 365 2515 550 2579; x_wconf 84' lang='lat' dir='ltr'>quamquam</span> <span class='ocrx_word' id='word_1_160' title='bbox 573 2496 600 2561; x_wconf 92' lang='lat' dir='ltr'>si</span> <span class='ocrx_word' id='word_1_161' title='bbox 622 2493 731 2561; x_wconf 86' lang='lat' dir='ltr'>uerum</span> <span class='ocrx_word' id='word_1_162' title='bbox 763 2501 896 2579; x_wconf 81' lang='lat' dir='ltr'>spectes,</span> <span class='ocrx_word' id='word_1_163' title='bbox 929 2497 1033 2562; x_wconf 91' lang='lat' dir='ltr'>nullus</span> <span class='ocrx_word' id='word_1_164' title='bbox 1062 2515 1161 2562; x_wconf 89' lang='lat' dir='ltr'>sermo</span> <span class='ocrx_word' id='word_1_165' title='bbox 1183 2498 1295 2563; x_wconf 89' lang='lat' dir='ltr'>natura</span> <span class='ocrx_word' id='word_1_166' title='bbox 1315 2503 1368 2565; x_wconf 88' lang='lat' dir='ltr'>est</span> 
     </span>
     <span class='ocr_line' id='line_1_21' title="bbox 248 2599 1409 2685; baseline 0.002 -21"><span class='ocrx_word' id='word_1_167' title='bbox 248 2601 381 2685; x_wconf 83' lang='lat' dir='ltr'>integer,</span> <span class='ocrx_word' id='word_1_168' title='bbox 415 2601 545 2665; x_wconf 91' lang='lat' dir='ltr'>uitiosus</span> <span class='ocrx_word' id='word_1_169' title='bbox 580 2599 726 2665; x_wconf 89' lang='lat' dir='ltr'>similiter</span> <span class='ocrx_word' id='word_1_170' title='bbox 759 2601 873 2666; x_wconf 90' lang='lat' dir='ltr'>nullus.</span> <span class='ocrx_word' id='word_1_171' title='bbox 911 2621 1072 2684; x_wconf 51' lang='lat' dir='ltr'>quaenam¹</span> <span class='ocrx_word' id='word_1_172' title='bbox 1096 2605 1142 2667; x_wconf 91' lang='lat' dir='ltr'>est</span> <span class='ocrx_word' id='word_1_173' title='bbox 1170 2601 1255 2666; x_wconf 90' lang='lat' dir='ltr'>euim</span> <span class='ocrx_word' id='word_1_174' title='bbox 1283 2601 1409 2668; x_wconf 73' lang='lat' dir='ltr'>rationo</span> 
     </span>
     <span class='ocr_line' id='line_1_22' title="bbox 246 2703 1368 2788; baseline 0.004 -20"><span class='ocrx_word' id='word_1_175' title='bbox 246 2703 397 2768; x_wconf 88' lang='lat' dir='ltr'>naturalis</span> <span class='ocrx_word' id='word_1_176' title='bbox 429 2707 483 2768; x_wconf 88' lang='lat' dir='ltr'>aut</span> <span class='ocrx_word' id='word_1_177' title='bbox 514 2704 547 2769; x_wconf 93' lang='lat' dir='ltr'>in</span> <span class='ocrx_word' id='word_1_178' title='bbox 578 2703 687 2768; x_wconf 90' lang='lat' dir='ltr'>mundi</span> <span class='ocrx_word' id='word_1_179' title='bbox 720 2703 988 2771; x_wconf 82' lang='lat' dir='ltr'>constitutionibus</span> <span class='ocrx_word' id='word_1_180' title='bbox 1016 2705 1065 2770; x_wconf 79' lang='lat' dir='ltr'>lex</span> <span class='ocrx_word' id='word_1_181' title='bbox 1092 2705 1221 2788; x_wconf 82' lang='lat' dir='ltr'>scripta,</span> <span class='ocrx_word' id='word_1_182' title='bbox 1255 2708 1290 2770; x_wconf 92' lang='lat' dir='ltr'>ut</span> <span class='ocrx_word' id='word_1_183' title='bbox 1311 2705 1368 2772; x_wconf 88' lang='lat' dir='ltr'>hic</span> 
     </span>
     <span class='ocr_line' id='line_1_23' title="bbox 246 2793 1367 2890; baseline 0.003 -20"><span class='ocrx_word' id='word_1_184' title='bbox 246 2807 345 2890; x_wconf 85' lang='lat' dir='ltr'>paries</span> <span class='ocrx_word' id='word_1_185' title='bbox 375 2805 495 2872; x_wconf 87' lang='lat' dir='ltr'>dicatur</span> <span class='ocrx_word' id='word_1_186' title='bbox 517 2809 548 2870; x_wconf 91' lang='lat' dir='ltr'>et</span> <span class='ocrx_word' id='word_1_187' title='bbox 569 2805 643 2870; x_wconf 87' lang='lat' dir='ltr'>haec</span> <span class='ocrx_word' id='word_1_188' title='bbox 664 2793 757 2885; x_wconf 84' lang='lat' dir='ltr'>sella,</span> <span class='ocrx_word' id='word_1_189' title='bbox 788 2825 859 2872; x_wconf 83' lang='lat' dir='ltr'>cunr</span> <span class='ocrx_word' id='word_1_190' title='bbox 887 2827 984 2890; x_wconf 90' lang='lat' dir='ltr'>neque</span> <span class='ocrx_word' id='word_1_191' title='bbox 1006 2825 1095 2872; x_wconf 85' lang='lat' dir='ltr'>sexus</span> <span class='ocrx_word' id='word_1_192' title='bbox 1116 2809 1249 2874; x_wconf 88' lang='lat' dir='ltr'>habeant</span> <span class='ocrx_word' id='word_1_193' title='bbox 1271 2808 1367 2873; x_wconf 86' lang='lat' dir='ltr'>femi·</span> 
     </span>
     <span class='ocr_line' id='line_1_24' title="bbox 246 2909 1368 2994; baseline 0.003 -21"><span class='ocrx_word' id='word_1_194' title='bbox 246 2909 328 2973; x_wconf 86' lang='lat' dir='ltr'>niuis</span> <span class='ocrx_word' id='word_1_195' title='bbox 350 2911 510 2993; x_wconf 85' lang='lat' dir='ltr'>generibus</span> <span class='ocrx_word' id='word_1_196' title='bbox 525 2910 764 2992; x_wconf 76' lang='lat' dir='ltr'>masculinisque</span> <span class='ocrx_word' id='word_1_197' title='bbox 786 2909 933 2976; x_wconf 84' lang='lat' dir='ltr'>discretos</span> <span class='ocrx_word' id='word_1_198' title='bbox 954 2929 1052 2993; x_wconf 92' lang='lat' dir='ltr'>neque</span> <span class='ocrx_word' id='word_1_199' title='bbox 1078 2913 1241 2994; x_wconf 87' lang='lat' dir='ltr'>quisquam</span> <span class='ocrx_word' id='word_1_200' title='bbox 1256 2911 1368 2976; x_wconf 86' lang='lat' dir='ltr'>docere</span> 
     </span>
     <span class='ocr_line' id='line_1_25' title="bbox 248 3012 1368 3096; baseline 0.002 -20"><span class='ocrx_word' id='word_1_201' title='bbox 248 3012 442 3079; x_wconf 89' lang='lat' dir='ltr'>doctissimus</span> <span class='ocrx_word' id='word_1_202' title='bbox 471 3033 521 3078; x_wconf 91' lang='lat' dir='ltr'>me</span> <span class='ocrx_word' id='word_1_203' title='bbox 548 3013 645 3096; x_wconf 87' lang='lat' dir='ltr'>possit</span> <span class='ocrx_word' id='word_1_204' title='bbox 672 3013 775 3096; x_wconf 89' lang='lat' dir='ltr'>ipsum</span> <span class='ocrx_word' id='word_1_205' title='bbox 797 3013 847 3079; x_wconf 88' lang='lat' dir='ltr'>hic</span> <span class='ocrx_word' id='word_1_206' title='bbox 869 3018 900 3078; x_wconf 92' lang='lat' dir='ltr'>et</span> <span class='ocrx_word' id='word_1_207' title='bbox 922 3013 996 3078; x_wconf 90' lang='lat' dir='ltr'>haec</span> <span class='ocrx_word' id='word_1_208' title='bbox 1029 3014 1104 3096; x_wconf 89' lang='lat' dir='ltr'>quid</span> <span class='ocrx_word' id='word_1_209' title='bbox 1135 3015 1198 3078; x_wconf 92' lang='lat' dir='ltr'>sint</span> <span class='ocrx_word' id='word_1_210' title='bbox 1232 3017 1368 3079; x_wconf 86' lang='lat' dir='ltr'>auteur</span> 
     </span>
     <span class='ocr_line' id='line_1_26' title="bbox 246 3116 1405 3202; baseline 0.003 -21"><span class='ocrx_word' id='word_1_211' title='bbox 246 3135 282 3182; x_wconf 84' lang='lat' dir='ltr'>cx</span> <span class='ocrx_word' id='word_1_212' title='bbox 303 3117 352 3180; x_wconf 90' lang='lat' dir='ltr'>bis</span> <span class='ocrx_word' id='word_1_213' title='bbox 374 3135 469 3181; x_wconf 92' lang='lat' dir='ltr'>unum</span> <span class='ocrx_word' id='word_1_214' title='bbox 489 3135 598 3181; x_wconf 72' lang='lat' dir='ltr'>vsonum</span> <span class='ocrx_word' id='word_1_215' title='bbox 623 3117 747 3182; x_wconf 88' lang='lat' dir='ltr'>uirilem</span> <span class='ocrx_word' id='word_1_216' title='bbox 775 3117 927 3202; x_wconf 81' lang='lat' dir='ltr'>designet,</span> <span class='ocrx_word' id='word_1_217' title='bbox 960 3117 1118 3191; x_wconf 87' lang='lat' dir='ltr'>femininis</span> <span class='ocrx_word' id='word_1_218' title='bbox 1146 3117 1306 3202; x_wconf 88' lang='lat' dir='ltr'>generibus</span> <span class='ocrx_word' id='word_1_219' title='bbox 1328 3116 1367 3182; x_wconf 87' lang='lat' dir='ltr'>id</span> <span class='ocrx_word' id='word_1_220' title='bbox 1377 3145 1405 3184; x_wconf 78' lang='lat' dir='ltr'>ee</span> 
     </span>
     <span class='ocr_line' id='line_1_27' title="bbox 246 3218 1367 3302; baseline 0.002 -20"><span class='ocrx_word' id='word_1_221' title='bbox 246 3218 328 3300; x_wconf 86' lang='lat' dir='ltr'>quod</span> <span class='ocrx_word' id='word_1_222' title='bbox 360 3221 498 3301; x_wconf 89' lang='lat' dir='ltr'>sequitur</span> <span class='ocrx_word' id='word_1_223' title='bbox 530 3220 711 3302; x_wconf 86' lang='lat' dir='ltr'>adplicetur.</span> <span class='ocrx_word' id='word_1_224' title='bbox 747 3219 883 3285; x_wconf 92' lang='lat' dir='ltr'>humana</span> <span class='ocrx_word' id='word_1_225' title='bbox 916 3219 1083 3286; x_wconf 92' lang='lat' dir='ltr'>istasunt</span> <span class='ocrx_word' id='word_1_226' title='bbox 1115 3219 1231 3302; x_wconf 87' lang='lat' dir='ltr'>placita</span> <span class='ocrx_word' id='word_1_227' title='bbox 1264 3222 1294 3283; x_wconf 87' lang='lat' dir='ltr'>et</span> <span class='ocrx_word' id='word_1_228' title='bbox 1322 3221 1367 3284; x_wconf 88' lang='lat' dir='ltr'>ad</span> 
     </span>
     <span class='ocr_line' id='line_1_28' title="bbox 246 3322 1367 3389; baseline 0.001 -2"><span class='ocrx_word' id='word_1_229' title='bbox 246 3337 336 3387; x_wconf 87' lang='lat' dir='ltr'>nsum</span> <span class='ocrx_word' id='word_1_230' title='bbox 357 3323 504 3387; x_wconf 86' lang='lat' dir='ltr'>sermonis</span> <span class='ocrx_word' id='word_1_231' title='bbox 527 3322 655 3388; x_wconf 89' lang='lat' dir='ltr'>faciendi</span> <span class='ocrx_word' id='word_1_232' title='bbox 676 3341 736 3388; x_wconf 91' lang='lat' dir='ltr'>uon</span> <span class='ocrx_word' id='word_1_233' title='bbox 757 3342 828 3388; x_wconf 86' lang='lat' dir='ltr'>sane</span> <span class='ocrx_word' id='word_1_234' title='bbox 851 3322 991 3388; x_wconf 91' lang='lat' dir='ltr'>omnibus</span> <span class='ocrx_word' id='word_1_235' title='bbox 1019 3323 1201 3388; x_wconf 85' lang='lat' dir='ltr'>necessaria:</span> <span class='ocrx_word' id='word_1_236' title='bbox 1236 3341 1309 3388; x_wconf 91' lang='lat' dir='ltr'>nam</span> <span class='ocrx_word' id='word_1_237' title='bbox 1330 3328 1367 3389; x_wconf 90' lang='lat' dir='ltr'>et</span> 
     </span>
     <span class='ocr_line' id='line_1_29' title="bbox 245 3415 1366 3509; baseline 0.004 -21"><span class='ocrx_word' id='word_1_238' title='bbox 245 3415 321 3490; x_wconf 79' lang='lat' dir='ltr'>baec</span> <span class='ocrx_word' id='word_1_239' title='bbox 346 3426 445 3508; x_wconf 86' lang='lat' dir='ltr'>paries</span> <span class='ocrx_word' id='word_1_240' title='bbox 472 3424 603 3491; x_wconf 89' lang='lat' dir='ltr'>forsitan</span> <span class='ocrx_word' id='word_1_241' title='bbox 632 3429 663 3492; x_wconf 89' lang='lat' dir='ltr'>et</span> <span class='ocrx_word' id='word_1_242' title='bbox 684 3425 734 3492; x_wconf 90' lang='lat' dir='ltr'>bic</span> <span class='ocrx_word' id='word_1_243' title='bbox 765 3424 843 3491; x_wconf 91' lang='lat' dir='ltr'>sella</span> <span class='ocrx_word' id='word_1_244' title='bbox 873 3426 934 3491; x_wconf 87' lang='lat' dir='ltr'>dici</span> <span class='ocrx_word' id='word_1_245' title='bbox 956 3426 1022 3492; x_wconf 87' lang='lat' dir='ltr'>eine</span> <span class='ocrx_word' id='word_1_246' title='bbox 1044 3428 1110 3491; x_wconf 90' lang='lat' dir='ltr'>ulla</span> <span class='ocrx_word' id='word_1_247' title='bbox 1130 3425 1366 3509; x_wconf 88' lang='lat' dir='ltr'>reprehensione</span> 
     </span>
     <span class='ocr_line' id='line_1_30' title="bbox 245 3527 1364 3612; baseline 0.003 -21"><span class='ocrx_word' id='word_1_248' title='bbox 245 3527 430 3610; x_wconf 78' lang='lat' dir='ltr'>potuissent,</span> <span class='ocrx_word' id='word_1_249' title='bbox 464 3529 491 3592; x_wconf 93' lang='lat' dir='ltr'>si</span> <span class='ocrx_word' id='word_1_250' title='bbox 518 3528 555 3594; x_wconf 86' lang='lat' dir='ltr'>ab</span> <span class='ocrx_word' id='word_1_251' title='bbox 584 3529 674 3595; x_wconf 91' lang='lat' dir='ltr'>initio</span> <span class='ocrx_word' id='word_1_252' title='bbox 706 3530 751 3595; x_wconf 91' lang='lat' dir='ltr'>sic</span> <span class='ocrx_word' id='word_1_253' title='bbox 783 3530 845 3594; x_wconf 85' lang='lat' dir='ltr'>dici</span> <span class='ocrx_word' id='word_1_254' title='bbox 876 3529 1043 3612; x_wconf 87' lang='lat' dir='ltr'>placuisset</span> <span class='ocrx_word' id='word_1_255' title='bbox 1070 3533 1101 3595; x_wconf 89' lang='lat' dir='ltr'>et</span> <span class='ocrx_word' id='word_1_256' title='bbox 1123 3549 1142 3595; x_wconf 93' lang='lat' dir='ltr'>a</span> <span class='ocrx_word' id='word_1_257' title='bbox 1164 3529 1364 3612; x_wconf 87' lang='lat' dir='ltr'>sequentibus</span> 
     </span>
    </p>
   </div>
   <div class='ocr_carea' id='block_1_5' title="bbox 243 3859 1365 4453">
    <p class='ocr_par' dir='ltr' id='par_1_5' title="bbox 243 3859 1365 4453">
     <span class='ocr_line' id='line_1_31' title="bbox 278 3859 1363 3938; baseline 0.003 -17"><span class='ocrx_word' id='word_1_258' title='bbox 278 3867 485 3938; x_wconf 80' lang='lat' dir='ltr'>biudioiisquae</span> <span class='ocrx_word' id='word_1_259' title='bbox 502 3859 530 3923; x_wconf 87' lang='lat' dir='ltr'><strong><em>P</em></strong></span> <span class='ocrx_word' id='word_1_260' title='bbox 546 3883 606 3924; x_wconf 81' lang='lat' dir='ltr'>corr</span> <span class='ocrx_word' id='word_1_261' title='bbox 719 3867 899 3937; x_wconf 79' lang='lat' dir='ltr'>tueturqua&#39;e</span> <span class='ocrx_word' id='word_1_262' title='bbox 917 3867 945 3924; x_wconf 93' lang='lat' dir='ltr'><strong><em>P</em></strong></span> <span class='ocrx_word' id='word_1_263' title='bbox 962 3883 1023 3923; x_wconf 81' lang='lat' dir='ltr'>corr</span> <span class='ocrx_word' id='word_1_264' title='bbox 1141 3869 1284 3938; x_wconf 85' lang='lat' dir='ltr'>deturque:</span> <span class='ocrx_word' id='word_1_265' title='bbox 1302 3868 1363 3924; x_wconf 85' lang='lat' dir='ltr'>illis</span> 
     </span>
     <span class='ocr_line' id='line_1_32' title="bbox 244 3953 1363 4023; baseline 0.002 -17"><span class='ocrx_word' id='word_1_266' title='bbox 244 3953 551 4010; x_wconf 73' lang='lat' dir='ltr'>immobtmcuborettus</span> <span class='ocrx_word' id='word_1_267' title='bbox 623 3953 931 4020; x_wconf 72' lang='lat' dir='ltr'>&#39;delinimenta‘Getre</span> <span class='ocrx_word' id='word_1_268' title='bbox 949 3953 1177 4008; x_wconf 79' lang='lat' dir='ltr'>deliniamentaP</span> <span class='ocrx_word' id='word_1_269' title='bbox 1262 3955 1363 4023; x_wconf 76' lang='lat' dir='ltr'>lque-</span> 
     </span>
     <span class='ocr_line' id='line_1_33' title="bbox 244 4039 1362 4109; baseline 0.001 -16"><span class='ocrx_word' id='word_1_270' title='bbox 244 4041 331 4094; x_wconf 86' lang='lat' dir='ltr'>rentes</span> <span class='ocrx_word' id='word_1_271' title='bbox 344 4041 377 4095; x_wconf 43' lang='grc' dir='ltr'>1Ρ</span> <span class='ocrx_word' id='word_1_272' title='bbox 476 4057 553 4095; x_wconf 89' lang='lat' dir='ltr'>omne</span> <span class='ocrx_word' id='word_1_273' title='bbox 569 4057 647 4096; x_wconf 87' lang='lat' dir='ltr'>suum</span> <span class='ocrx_word' id='word_1_274' title='bbox 668 4040 724 4109; x_wconf 77' lang='lat' dir='ltr'>eeu,</span> <span class='ocrx_word' id='word_1_275' title='bbox 742 4055 772 4092; x_wconf 80' lang='lat' dir='ltr'>r.-</span> <span class='ocrx_word' id='word_1_276' title='bbox 798 4052 887 4094; x_wconf 88' lang='lat' dir='ltr'>omues</span> <span class='ocrx_word' id='word_1_277' title='bbox 905 4055 988 4093; x_wconf 89' lang='lat' dir='ltr'>uuum</span> <span class='ocrx_word' id='word_1_278' title='bbox 1000 4040 1027 4094; x_wconf 91' lang='lat' dir='ltr'><strong><em>P</em></strong></span> <span class='ocrx_word' id='word_1_279' title='bbox 1129 4040 1162 4093; x_wconf 97' lang='grc'>11</span> <span class='ocrx_word' id='word_1_280' title='bbox 1179 4041 1208 4094; x_wconf 90' lang='lat' dir='ltr'>in</span> <span class='ocrx_word' id='word_1_281' title='bbox 1226 4039 1362 4109; x_wconf 85' lang='lat' dir='ltr'>sapientia</span> 
     </span>
     <span class='ocr_line' id='line_1_34' title="bbox 244 4125 1365 4195; baseline 0.001 -16"><span class='ocrx_word' id='word_1_282' title='bbox 244 4125 477 4182; x_wconf 77' lang='lat' dir='ltr'>Hildebronctics:</span> <span class='ocrx_word' id='word_1_283' title='bbox 495 4126 666 4195; x_wconf 82' lang='lat' dir='ltr'>sapientiaP</span> <span class='ocrx_word' id='word_1_284' title='bbox 682 4126 854 4194; x_wconf 70' lang='lat' dir='ltr'>sepientis-or</span> <span class='ocrx_word' id='word_1_285' title='bbox 956 4125 989 4178; x_wconf 81' lang='lat'>13</span> <span class='ocrx_word' id='word_1_286' title='bbox 1006 4125 1127 4180; x_wconf 77' lang='lat' dir='ltr'>ornatius</span> <span class='ocrx_word' id='word_1_287' title='bbox 1145 4126 1174 4180; x_wconf 89' lang='lat' dir='ltr'><strong><em>P</em></strong></span> <span class='ocrx_word' id='word_1_288' title='bbox 1275 4125 1365 4194; x_wconf 76' lang='lat' dir='ltr'>abque</span> 
     </span>
     <span class='ocr_line' id='line_1_35' title="bbox 244 4201 1364 4282; baseline -0.002 -16"><span class='ocrx_word' id='word_1_289' title='bbox 244 4212 272 4266; x_wconf 93' lang='lat' dir='ltr'><strong><em>P</em></strong></span> <span class='ocrx_word' id='word_1_290' title='bbox 288 4201 350 4268; x_wconf 76' lang='lat' dir='ltr'>corr</span> <span class='ocrx_word' id='word_1_291' title='bbox 458 4209 594 4267; x_wconf 84' lang='lat' dir='ltr'>t‘ribialem</span> <span class='ocrx_word' id='word_1_292' title='bbox 611 4212 638 4266; x_wconf 92' lang='lat' dir='ltr'><strong><em>P</em></strong></span> <span class='ocrx_word' id='word_1_293' title='bbox 749 4212 783 4266; x_wconf 85' lang='lat'>15</span> <span class='ocrx_word' id='word_1_294' title='bbox 800 4207 971 4282; x_wconf 80' lang='lat' dir='ltr'>sophisticam</span> <span class='ocrx_word' id='word_1_295' title='bbox 992 4211 1020 4264; x_wconf 93' lang='lat' dir='ltr'><strong><em>P</em></strong></span> <span class='ocrx_word' id='word_1_296' title='bbox 1120 4211 1191 4265; x_wconf 87' lang='lat' dir='ltr'>enlm</span> <span class='ocrx_word' id='word_1_297' title='bbox 1208 4225 1271 4264; x_wconf 88' lang='lat' dir='ltr'>uero</span> <span class='ocrx_word' id='word_1_298' title='bbox 1290 4211 1364 4265; x_wconf 78' lang='lat' dir='ltr'>Sub.-</span> 
     </span>
     <span class='ocr_line' id='line_1_36' title="bbox 243 4295 1364 4369; baseline -0.002 -19"><span class='ocrx_word' id='word_1_299' title='bbox 243 4298 343 4352; x_wconf 89' lang='lat' dir='ltr'>etenim</span> <span class='ocrx_word' id='word_1_300' title='bbox 360 4312 423 4353; x_wconf 88' lang='lat' dir='ltr'>uera</span> <span class='ocrx_word' id='word_1_301' title='bbox 441 4299 468 4354; x_wconf 91' lang='lat' dir='ltr'><strong><em>P</em></strong></span> <span class='ocrx_word' id='word_1_302' title='bbox 569 4297 602 4351; x_wconf 87' lang='grc'>19</span> <span class='ocrx_word' id='word_1_303' title='bbox 619 4297 651 4351; x_wconf 79' lang='lat' dir='ltr'>in</span> <span class='ocrx_word' id='word_1_304' title='bbox 666 4313 711 4368; x_wconf 73' lang='lat' dir='ltr'>my</span> <span class='ocrx_word' id='word_1_305' title='bbox 734 4305 758 4369; x_wconf 82' lang='lat' dir='ltr'>q&gt;</span> <span class='ocrx_word' id='word_1_306' title='bbox 859 4297 894 4351; x_wconf 81' lang='lat'>25</span> <span class='ocrx_word' id='word_1_307' title='bbox 912 4297 949 4350; x_wconf 75' lang='lat' dir='ltr'>llis</span> <span class='ocrx_word' id='word_1_308' title='bbox 968 4297 1009 4352; x_wconf 91' lang='lat' dir='ltr'>P&#39;</span> <span class='ocrx_word' id='word_1_309' title='bbox 1095 4295 1203 4354; x_wconf 73' lang='lat' dir='ltr'>uirilem</span> <span class='ocrx_word' id='word_1_310' title='bbox 1221 4296 1290 4350; x_wconf 79' lang='lat' dir='ltr'>Sub:</span> <span class='ocrx_word' id='word_1_311' title='bbox 1319 4297 1364 4350; x_wconf 86' lang='lat' dir='ltr'>ui-</span> 
     </span>
     <span class='ocr_line' id='line_1_37' title="bbox 243 4381 1249 4453; baseline 0 -17"><span class='ocrx_word' id='word_1_312' title='bbox 243 4383 291 4436; x_wconf 88' lang='lat' dir='ltr'>rile</span> <span class='ocrx_word' id='word_1_313' title='bbox 310 4385 338 4437; x_wconf 91' lang='lat' dir='ltr'><strong><em>P</em></strong></span> <span class='ocrx_word' id='word_1_314' title='bbox 437 4385 470 4438; x_wconf 79' lang='lat'>26</span> <span class='ocrx_word' id='word_1_315' title='bbox 488 4382 602 4453; x_wconf 74' lang='lat' dir='ltr'>applicet</span> <span class='ocrx_word' id='word_1_316' title='bbox 621 4383 676 4438; x_wconf 78' lang='lat' dir='ltr'>Sub</span> <span class='ocrx_word' id='word_1_317' title='bbox 778 4385 812 4438; x_wconf 76' lang='lat'>29</span> <span class='ocrx_word' id='word_1_318' title='bbox 829 4381 962 4452; x_wconf 87' lang='lat' dir='ltr'>potuisset</span> <span class='ocrx_word' id='word_1_319' title='bbox 980 4383 1036 4437; x_wconf 77' lang='lat' dir='ltr'>Sub</span> <span class='ocrx_word' id='word_1_320' title='bbox 1246 4381 1249 4390; x_wconf 92' lang='lat'>&#39;</span> 
     </span>
    </p>
   </div>
   <div class='ocr_carea' id='block_1_6' title="bbox 0 0 1480 4998">
    <p class='ocr_par' dir='ltr' id='par_1_6' title="bbox 0 0 1480 4998">
     <span class='ocr_line' id='line_1_38' title="bbox 0 0 1480 4998; baseline 0 0"><span class='ocrx_word' id='word_1_321' title='bbox 0 0 1480 4998; x_wconf 95' lang='lat' dir='ltr'> </span> 
     </span>
    </p>
   </div>
  </div>
 </body>
</html>
