2950 5006
279 459 303 513 X

279 647 315 696 ex
342 629 462 697 cureiuo
489 629 666 696 litterarum
698 649 810 716 genere
838 634 921 698 ortae
952 631 1099 698 librarius
1124 629 1257 697 Parisini
1284 632 1404 698 5561515

280 735 362 799 inter
377 735 572 800 scribendum
587 733 744 800 interdum
759 734 896 818 corrigit,
911 733 1082 800 uncialium
1096 733 1276 800 litterarum
1290 739 1402 800 muta·

280 837 381 903 115555
395 854 522 902 eeourue
536 835 601 902 iere
615 835 823 903 transscribit.
845 837 909 904 iam
924 841 1053 920 uterque
1070 840 1125 903 ant
1140 840 1222 904 certe
1238 837 1400 920 antiquior
1468 857 1469 880 1

279 940 372 1006 codex
393 941 425 1006 iu
446 943 530 1006 terra
550 939 684 1022 scriptus
706 943 763 1020 551,
785 941 840 1005 ubi
861 940 970 1024 lingua
991 941 1286 1025 Romanauulgarie
1301 941 1395 1028 uige-

279 1043 344 1110 151.
372 1043 412 1108 56
440 1042 519 1108 hanc
548 1042 632 1108 euim
659 1042 821 1108 referenda
841 1045 914 1108 euut
936 1042 1015 1110 uitia
1036 1043 1228 1110 huiusmodi:
1254 1045 1397 1110 1515555

280 1146 424 1213 confusae
451 1146 573 1214 litterae
601 1167 625 1210 a
652 1150 683 1211 et
711 1145 981 1231 5655515155),
1010 1145 1268 1231 5511(65,18.
1297 1147 1397 1225 95,1.

283 1250 416 1329 11014.
441 1249 510 1329 114,
524 1251 554 1316 3.
578 1248 649 1329 158,
661 1249 713 1316 20.
732 1249 866 1329 16318.
884 1249 954 1331 174,
967 1250 997 1316 3.
1015 1250 1086 1328 178,
1098 1249 1130 1320 2.
1145 1250 1219 1328 200,
1235 1249 1263 1316 1.
1280 1250 1353 1331 219,
1365 1251 1401 1315 4.

280 1352 354 1432 226,
366 1352 417 1418 28.
445 1352 560 1431 2327.
588 1352 924 1437 254,13),5515151
947 1353 1035 1436 (139,
1048 1353 1077 1418 8.
1108 1353 1244 1433 16317.
1269 1355 1339 1433 178,
1352 1351 1402 1433 7),

279 1475 322 1538 qa
350 1457 380 1520 51
406 1475 423 1520 5
450 1455 696 1540 (quaerimonias
721 1473 777 1538 pro
803 1455 1011 1521 caerincoias
1042 1456 1315 1538 rauriacorum
1342 1475 1401 1540 pro

280 1557 429 1639 quopiam
454 1559 557 1637 2321
587 1557 760 1640 loqueretar
781 1575 837 1641 pre
864 1558 1020 1624 15555555
1047 1559 1174 1640 23226
1201 1579 1235 1625 co
1261 1578 1318 1643 pro
1338 1579 1401 1642 qao

281 1661 653 1743 25210555555555155
667 1662 740 1742 263,
755 1662 794 1726 12
808 1662 915 1742 qacire
928 1662 1055 1742 56515
1076 1663 1250 1745 ieqaoqaat
1262 1663 1336 1743 279,
1349 1660 1398 1748 9),

281 1766 449 1846 adspiratio
489 1765 568 1831 fuleo
600 1765 707 1831 addita
738 1764 849 1849 (3,14.
887 1765 917 1844 5,
932 1767 964 1830 4.
1002 1767 1050 1846 13,
1062 1768 1092 1833 9.
1126 1767 1177 1846 22,
1193 1768 1247 1833 28.
1279 1767 1330 1847 24,
1343 1767 1400 1832 25.

281 1869 332 1947 63,
346 1868 397 1933 21.
433 1869 481 1948 79,
497 1869 525 1934 8.
560 1868 674 1945 81,17.
711 1869 763 1946 83,
775 1868 827 1933 24.
856 1868 971 1944 84,16.
1006 1869 1143 1954 118,15.
1174 1869 1226 1936 20.
1262 1870 1332 1956 123,
1348 1871 1401 1936 15.

282 1971 353 2051 139,
365 1971 395 2038 8.
419 1971 490 2051 146,
501 1971 532 2036 2.
557 1972 628 2052 153,
640 1971 691 2037 20.
717 1971 827 2050 185,1.
846 1971 916 2051 197,
929 1971 980 2036 24.
996 1971 1133 2051 20610.
1149 1971 1222 2052 220,
1237 1973 1263 2037 1.
1279 1973 1353 2052 253,
1367 1974 1399 2039 8.

283 2074 335 2156 19)
366 2077 435 2156 551,
465 2077 545 2157 quod
573 2093 642 2140 raro
668 2074 725 2154 fit,
756 2091 920 2158 perperam
952 2074 1067 2140 amieea
1099 2075 1163 2160 (23,
1174 2075 1226 2142 23.
1263 2073 1401 2155 19510.

283 2177 355 2254 197,
366 2177 412 2264 3),
435 2181 555 2246 5555155
577 2179 649 2244 5515
674 2195 691 2242 5
718 2177 866 2260 inpurum
893 2177 1018 2244 additae
1045 2177 1199 2263 (aspicito
1220 2178 1326 2258 20,12
1346 2194 1403 2242 as-

281 2301 393 2348 caarcs
412 2283 465 2362 41,
477 2283 520 2348 20
540 2281 763 2348 5655νῶ55155
783 2297 838 2364 pro
860 2279 1041 2346 5555155155
1056 2281 1127 2359 167,
1143 2282 1183 2347 27
1195 2282 1403 2363 periastricit

281 2404 337 2469 pro
353 2385 544 2466 perstrinxit
563 2385 668 2465 49,17
690 2384 879 2448 iastractam
904 2402 960 2468 pro
974 2388 1127 2450 structam
1140 2386 1192 2465 51,
1204 2386 1246 2451 22
1261 2386 1402 2452 iosciea-
1470 2427 1471 2474 ,

282 2488 400 2553 tissime
419 2507 475 2572 pro
495 2489 697 2554 scientissime
726 2488 833 2566 94,10
858 2473 1028 2551 inscientia
1049 2505 1105 2570 pro
1131 2489 1265 2554 scientio
1292 2489 1343 2568 94,
1356 2490 1403 2555 20
1470 2479 1471 2496 ³

282 2590 881 2674 1555551155555515551119822
908 2589 1111 2656 adiisoiscere
1143 2610 1199 2673 pro
1229 2592 1402 2657 adsciscere

285 2694 594 2776 15320155555155
614 2712 669 2777 pro
690 2693 859 2774 tispaaiae
879 2693 931 2759 uel
952 2695 1056 2776 potine
1070 2694 1204 2774 spaniae
1226 2695 1276 2775 23,
1289 2696 1331 2761 23
1345 2715 1402 2760 ec-

233 2879 237 2886 ,
282 2800 465 2882 spectaculis
478 2817 533 2884 pra
548 2798 730 2880 spectaculis
753 2798 823 2874 148,
837 2799 878 2865 19
899 2797 1060 2879 discriptis
1072 2815 1129 2882 pra
1144 2799 1272 2880 seriptis
1296 2797 1367 2878 156,
1381 2800 1402 2864 6

283 2904 323 2969 ci.
344 2904 494 2968 diatreta
514 2919 569 2984 pro
590 2901 742 2966 instincta
764 2901 903 2981 229,11;
926 2901 1081 2967 contrario
1102 2901 1180 2966 51115
1202 2904 1278 2967 nata
1299 2905 1401 2967 strac-

284 3007 398 3071 tioaem
418 3023 473 3090 pro
495 3006 729 3070 iostmatioaem
752 3004 851 3082 188,1
878 3023 997 3086 opacas
1018 3023 1072 3087 pro
1096 3001 1251 3085 tespcacs
1273 3005 1405 3082 195,10

285 3110 409 3176 51515511
430 3127 485 3192 pro
506 3107 683 3190 hystrioati·
694 3108 763 3186 197,
776 3108 805 3174 3.
1471 3175 1472 3200 ,

385 3211 596 3279 0556551555
626 3229 718 3294 supra
745 3229 780 3276 er
801 3211 905 3276 uerbis
927 3209 1039 3276 Sabaei
1062 3211 1196 3276 codicem
1217 3211 1401 3277 Parisinum
1471 3219 1472 3228 ³

284 3318 359 3383 olim
382 3317 463 3398 apud
484 3314 646 3380 Heluetios
668 3317 723 3380 aut
745 3311 915 3380 Germanos
938 3313 1040 3379 151555.
1063 3315 1113 3380 551
1134 3315 1181 3380 551
1202 3297 1265 3380 555
1286 3333 1402 3398 repug-

284 3422 361 3486 nant
381 3407 487 3484 ¹uerba
522 3436 602 3483 nouo
635 3417 755 3483 sacculo
788 3418 820 3482 15
854 3417 968 3483 ultima
999 3419 1114 3502 pagiua
1143 3417 1248 3504 (1901)
1284 3418 1404 3500 scripta

283 3519 323 3590 ‘ei
350 3523 370 3608 q
398 3523 525 3588 homini
549 3524 621 3586 5155
641 3519 745 3586 animi
768 3520 849 3604 regie
872 3516 1057 3604 cogitauerit
1079 3524 1135 3586 551
1160 3521 1335 3586 5561555511
1349 3570 1357 3586 .
1371 3571 1400 3587 ..

284 3647 334 3694 555
363 3630 426 3694 5155
453 3625 628 3691 1511155155.
657 3625 685 3688 51
713 3625 781 3706 quia
803 3628 874 3690 ’5155
895 3625 1004 3690 inimic
1022 3628 1224 3709 pugnandum
1246 3625 1403 3708 collegam

285 3734 342 3798 sni
365 3729 520 3796 dimiserit
542 3777 591 3793 ...
615 3727 806 3793 1565555155.
828 3729 855 3793 51
878 3729 946 3810 quis
960 3730 999 3793 56
1013 3735 1086 3814 r'ege
1102 3775 1151 3794 ...
1168 3730 1205 3794 ui
1220 3728 1311 3794 homa
1326 3746 1402 3811 poe-

272 3837 330 3901 ·sit
350 3835 493 3900 idoneare
515 3833 574 3916 qui
597 3832 670 3916 regi
693 3831 817 3898 hoccide
838 3825 989 3898 iusserit':
1020 3851 1097 3914 quae
1119 3834 1193 3898 eunt
1214 3833 1275 3898 tria
1297 3831 1404 3914 capita

289 3938 333 4023 (1.
358 3937 385 4001 7.
408 3937 441 4018 2)
457 3935 552 4002 561511
566 3935 704 4003 Rothari.
728 3935 848 4002 scilicet
863 3935 956 4000 huius
971 3934 1065 4000 edicti
1080 3953 1141 4001 non
1156 3935 1257 4001 solum
1272 3925 1402 4002 Italicos

287 4039 406 4106 5561555
433 4042 485 4105 556
513 4041 608 4104 etiam
636 4037 871 4122 sangallensem
898 4042 930 4103 51
952 4038 1140 4104 1516555555
1166 4037 1402 4120 antiquissimos

287 4143 441 4223 55515555,
464 4145 615 4227 scriptum
631 4145 736 4207 autem
751 4161 817 4208 esec
831 4141 948 4210 librum
962 4142 1140 4208 Parisinnm
1154 4142 1187 4207 15
1202 4143 1401 4223 5555515515,

274 4246 341 4312 511
362 4246 469 4312 uetera
490 4247 734 4329 antiquariorum
756 4247 903 4312 instituta
923 4244 1141 4311 retinebantur
1160 4245 1403 4328 litterarumque

287 4350 391 4415 studia
410 4349 569 4426 florebant,
592 4349 729 4431 primum
748 4351 828 4415 55115
850 4367 886 4414 ex
899 4366 984 4415 more
1000 4349 1197 4431 antiquorum
1211 4349 1244 4414 in
1260 4348 1404 4434 margine

287 4453 411 4534 5551115,
439 4453 548 4520 651565
576 4451 739 4539 diligentie
770 4453 998 4528 conuincimur,
1026 4469 1086 4534 qna
1115 4452 1209 4518 55655
1238 4452 1405 4536 postquam
