2888 5008
588 479 689 534 aroer
711 479 743 533 v.
1029 527 1032 544 ,
1081 457 1082 461 '
1158 481 1223 548 205

107 655 248 720 sumatur
268 673 325 718 uec
345 653 457 719 habeat
477 653 570 718 finem
591 644 710 720 certum
732 653 766 718 iu
792 673 851 736 quo
872 641 917 719 re‘i
944 672 1022 736 quae
1044 654 1158 719 dicitur
1179 654 1221 719 sit

106 757 166 822 fixa
188 758 281 840 atque
302 757 434 822 immota
456 756 615 836 commuue,
638 757 802 840 unicuique
822 757 955 822 liberum
977 758 1025 822 est
1042 755 1080 820 in
1105 755 1139 822 id
1161 775 1221 839 quo

105 861 185 927 uelit
205 861 364 926 adtrahere
385 860 548 926 lectionem
568 861 601 925 et
619 861 779 926 adfirmare
792 861 826 924 id
840 859 975 942 positum
995 861 1029 924 iu
1050 861 1131 943 quod
1150 872 1238 926 eum

105 984 162 1031 sua
183 964 316 1048 suspicio
338 965 369 1028 ot
391 963 563 1044 coniectura
584 962 750 1046 opinabilis
772 961 903 1028 duxerit.
935 962 1015 1045 quod
1037 981 1107 1028 curu
1121 963 1167 1028 ita
1188 981 1221 1028 se

83 1069 232 1147 chaloet,
263 1067 315 1150 qui
344 1067 473 1148 potestis
494 1085 543 1132 res
569 1065 668 1131 certas
690 1067 781 1131 rebus
802 1067 840 1131 ab
863 1065 965 1131 dubiis
986 1085 1107 1130 sumere
1130 1066 1221 1149 atque

104 1189 198 1236 uuum
220 1169 385 1252 adiungere
406 1168 659 1252 significationem
682 1169 771 1233 dicto·
786 1169 866 1250 quod
887 1187 941 1250 per
959 1168 1066 1233 modos
1088 1167 1221 1234 uideatis

104 1275 279 1339 innumeros
302 1272 526 1355 expositionum
555 1271 708 1336 uarietate
731 1271 862 1336 deduci?
894 1271 1025 1354 denique
1047 1271 1073 1335 si
1096 1271 1274 1360 adcon-*as

103 1378 229 1442 modum
252 1375 376 1451 dusius,
399 1375 493 1440 otiam
514 1375 594 1439 illud
616 1375 736 1440 euobis
750 1374 882 1456 repetita
897 1373 1136 1458 interrogatione
1151 1393 1221 1440 con-

104 1481 264 1563 quirimus,
288 1477 430 1544 omnesne
456 1478 512 1542 has
537 1477 658 1542 fabulas
674 1476 857 1542 emetimetis
877 1477 971 1544 idest
986 1477 1124 1562 singulas
1140 1479 1221 1544 totas

67 1607 94 1645 10
104 1583 283 1648 ambifarias
312 1601 347 1646 ac
375 1582 530 1665 bilingues
560 1581 591 1645 ot
619 1581 834 1662 uersipellibus
862 1599 927 1645 esse
962 1581 1092 1663 scriptas
1121 1583 1221 1647 modis

103 1705 142 1752 an
164 1685 240 1750 alias
263 1703 368 1749 earum
389 1687 491 1766 partes
513 1683 592 1748 nihil
606 1683 788 1767 ambiguum
802 1683 910 1763 dicore,
933 1683 1010 1749 alias
1025 1703 1096 1750 uero
1111 1683 1222 1749 mult'-

101 1789 179 1854 fidas
201 1789 294 1870 atque
315 1787 471 1870 allegorici
494 1786 641 1870 tegminis
669 1786 890 1868 superiectiouo
918 1787 1060 1853 uelatos?
1089 1789 1116 1852 si
1139 1787 1221 1853 euim
1329 1835 1332 1841 .

101 1893 143 1957 ad
171 1892 264 1957 finam
286 1910 304 1956 a
326 1891 426 1974 capite
455 1891 557 1956 textus
586 1891 688 1955 omnis
718 1891 914 1973 expositionis
937 1892 969 1956 ot
989 1891 1083 1956 series
1112 1891 1221 1956 obten-

100 1994 238 2060 tionibus
253 1994 426 2078 allegoricis
441 1993 641 2072 clamasunt,
665 1992 853 2073 edissertate,
876 1993 1055 2072 monstrate,
1078 1994 1152 2077 quid
1166 2012 1220 2077 pro

66 2101 192 2165 erebus
221 2097 366 2182 singulis,
397 2114 472 2178 quas
501 2113 700 2178 unaquaeque
722 2097 876 2178 eloquitur
904 2097 1018 2176 fabula,
1051 2115 1220 2180 supponere

101 2201 266 2267 debeamus
288 2202 320 2266 et
340 2219 478 2282 promere
500 2218 635 2282 quasque
656 2200 689 2264 in
711 2217 759 2264 res
781 2199 860 2265 alias
882 2202 975 2282 atque
988 2201 1219 2285 intellegentias

100 2323 220 2369 uocare.
253 2304 289 2368 ut
310 2303 394 2368 enim
415 2305 521 2368 Iouem
542 2322 597 2387 pro
620 2304 742 2387 pluuia,
773 2302 913 2368 Cererem
942 2303 1029 2368 uerbi
1051 2323 1142 2369 causa
1163 2322 1218 2385 pro

98 2408 184 2472 terra
205 2407 302 2470 uultis
325 2405 431 2470 audire
453 2407 485 2470 et
505 2424 560 2487 pro
582 2406 691 2471 Iibera
713 2424 748 2470 ao
769 2409 855 2488 patro
877 2406 949 2472 Dite
977 2407 1218 2472 submersionem

100 2509 229 2576 seminis
251 2510 343 2590 atque
365 2511 385 2590 †
408 2508 499 2589 iactu,
522 2511 568 2573 ita
589 2509 688 2573 dicero
710 2526 765 2573 uos
788 2509 941 2594 conuenit·
962 2510 1036 2592 quid
1057 2528 1111 2592 pro
1130 2511 1218 2574 tauro

63 2610 110 2699 20!
137 2613 300 2678 debeamus
321 2612 473 2695 accipere,
501 2612 575 2694 quid
597 2631 650 2696 pro
672 2613 885 2696 indignatione
908 2612 1025 2679 Cereris
1048 2613 1323 2695 atqueira‚r.11c¹*

100 2715 177 2798 quid
199 2715 259 2779 sibi
280 2715 359 2779 uelit
378 2715 485 2780 Brimo
507 2717 654 2794 uerbum,
676 2716 751 2798 quid
772 2716 856 2781 Iouis
878 2717 1005 2782 solliciti
1026 2715 1217 2798 supplicatio,

100 2817 176 2900 quid
205 2817 333 2902 allegati
363 2818 488 2883 caelites
517 2837 572 2884 neo
600 2819 714 2897 auditi,
746 2820 820 2902 quid
850 2822 987 2898 exsectus
1018 2819 1112 2898 arios,
1144 2819 1218 2902 quid
1243 2901 1245 2910 γ

101 2920 215 2986 exsecti
244 2920 348 2985 arietis
377 2921 494 3003 proles,
528 2921 602 3002 quid
632 2920 803 2986 satisfactio
831 2922 881 2988 his
911 2923 1006 3001 facta,
1041 2921 1115 3005 quid
1140 2939 1218 3005 quae

100 3041 207 3088 rursus
229 3025 316 3107 gesta
343 3025 416 3088 sunt
436 3023 567 3090 libidine
595 3025 770 3090 obsceniore
797 3045 867 3090 cum
895 3025 983 3090 lilia?
1016 3025 1218 3091 consimiliter

61 3127 134 3193 aret
162 3125 195 3189 in
226 3127 325 3191 altera
354 3125 460 3191 fabula
481 3125 608 3192 Hennae
636 3144 745 3192 nemus
774 3129 805 3192 et
833 3125 922 3192 flores
945 3128 1018 3210 quid
1040 3129 1118 3210 sint,
1142 3127 1216 3210 quid

100 3231 243 3311 sumptus
265 3228 347 3313 ignis
369 3247 405 3294 ex
425 3229 528 3294 Aetna
550 3231 830 3313 conprehensaeque
850 3231 912 3295 isto
926 3231 1017 3312 faces,
1041 3231 1113 3314 quid
1128 3248 1217 3312 pera-

135 3551 235 3619 lquae
253 3550 366 3624 smr:
393 3553 440 3619 qui
457 3551 485 3604 P
620 3554 663 3606 sot
685 3552 714 3605 P
729 3567 791 3606 corr
808 3555 830 3605 c'
965 3553 1075 3622 2quod
1094 3553 1148 3608 sao

97 3636 212 3692 3uessit
229 3638 255 3689 P
383 3636 507 3692 badad
636 3637 759 3692 8ductis
781 3637 810 3692 P
825 3627 929 3694 corr'o'
1059 3640 1216 3694 bomncsne

96 3723 254 3776 Heroides:
272 3738 361 3776 omncs
373 3722 405 3776 de
417 3723 445 3776 P
535 3721 576 3777 his
589 3727 622 3790 c‘,
635 3724 689 3778 Sub
706 3724 748 3778 dis
760 3724 902 3778 Meursius
991 3725 1019 3778 id
1036 3728 1078 3779 cst
1094 3725 1215 3794 singulas

97 3808 142 3862 dcl
153 3808 295 3862 Meursiua
368 3808 403 3862 10
414 3807 566 3862 ambifarias
579 3809 649 3864 Sub:
661 3809 806 3864 aubifarias
817 3811 846 3864 P
917 3811 950 3864 11
962 3810 1108 3880 aubiguum
1121 3811 1149 3864 P

97 3893 132 3946 16
149 3892 341 3962 intelligentias
360 3895 426 3950 Sub:
445 3895 630 3964 intellegentia
642 3896 673 3949 P
770 3897 803 3950 17
819 3913 912 3951 uocare
924 3897 994 3951 Sub:
1010 3913 1104 3952 uacare
1121 3897 1148 3950 P

96 3978 265 4034 uebiPcorr
333 3981 366 4038 18
377 3979 474 4034 Libora
485 3981 558 4045 r,H.
572 3981 834 4037 GrotiaoslibcroP
900 3983 934 4036 19
946 3982 1147 4047 incautosque·

95 4065 131 4120 21
149 4065 234 4120 uaclit
250 4065 278 4118 P
294 4082 357 4122 oorr
474 4067 565 4122 Brimo
587 4066 661 4122 aaa.
684 4068 832 4124 Centoras:
855 4070 940 4138 primo
958 4071 985 4121 P
1100 4069 1135 4122 22
1152 4067 1213 4122 ulli·

96 4151 156 4222 gati
173 4151 201 4204 P
214 4166 307 4207 corre
419 4153 453 4206 23
470 4167 520 4221 quc
537 4154 564 4205 P
578 4157 680 4210 carrd
788 4157 824 4212 25
840 4155 948 4210 Hennae
966 4155 1055 4210 Sulca:
1080 4155 1169 4208 henna
1186 4155 1214 4208 P

95 4237 205 4292 Ennoea
222 4238 277 4292 dab
384 4252 475 4293 nemus
494 4239 561 4294 Sub:
578 4239 670 4295 damus
687 4242 715 4295 P
823 4242 857 4296 26
874 4243 937 4295 etna
954 4241 982 4294 P
1091 4254 1215 4311 conprae-

95 4324 262 4393 heusacquae
280 4325 308 4378 P
409 4325 476 4381 istae
494 4323 549 4380 Sub
1187 4337 1189 4340 ·
