2888 5008
256 485 321 552 240
557 484 700 538 arnobii
722 483 881 540 aduersus
905 483 1063 538 nationes

132 736 137 742 .
255 657 389 726 salutem
415 655 458 722 rai
481 673 574 738 quam
601 655 777 740 contingere
805 654 936 738 nequeat
957 656 989 720 et
1010 654 1112 720 motus
1135 654 1378 720 subministrare
1438 713 1439 742 p

256 760 384 826 uitalis?
417 760 516 824 cusat
548 775 619 842 ergo
647 758 684 824 ut
712 760 837 840 apparot
864 776 1019 824 sacrorum
1049 757 1123 824 hacc
1143 760 1240 836 ratio,
1275 777 1378 840 neque
1438 745 1439 818 i

255 862 316 928 dici
338 881 357 928 a
377 862 521 946 quopiam
550 861 633 944 potis
660 861 709 926 cst
735 879 771 928 oa
799 880 890 928 causa
923 861 1074 928 sacrificia
1102 861 1266 941 celebrari,
1293 864 1377 944 quod
1438 883 1439 972 p

227 965 378 1032 talantur
399 965 448 1030 his
470 964 598 1030 numina
619 967 650 1030 et
673 981 777 1030 eorum
801 965 1011 1031 sustineantur
1033 985 1050 1030 e
1071 965 1174 1048 pastu.
1206 965 1376 1047 numquid,

255 1069 282 1134 si
303 1069 383 1134 forte
404 1067 460 1132 hoo
482 1084 542 1132 non
564 1068 626 1146 cst,
656 1067 826 1151 uoluptatis
853 1067 982 1134 alicuius
1011 1067 1165 1150 animique
1192 1069 1230 1132 ut
1258 1068 1404 1134 diciturs

255 1189 346 1238 causa
368 1170 536 1236 caeduntur
558 1166 618 1234 diis
640 1169 758 1236 hostiae
780 1175 811 1238 et
832 1171 984 1236 succensis
1006 1169 1180 1236 adiciuntur
1193 1170 1377 1236 altaribus?

255 1275 286 1342 et
307 1273 468 1356 quisquam
490 1273 536 1338 est
557 1272 717 1338 bominum
739 1273 793 1355 qui
815 1273 885 1338 deos
900 1273 960 1338 sibi
974 1273 1157 1357 persuadeat
1171 1273 1376 1356 uoluptatum
1438 1265 1439 1358 ἶ

255 1376 417 1444 diffusione
443 1376 635 1456 mollescere,
665 1375 778 1461 gestire
800 1414 817 1446 a
838 1376 870 1442 iu
898 1376 1037 1442 libidinis
1059 1375 1206 1460 gaudium
1230 1379 1264 1442 et
1288 1378 1378 1442 uelut
1438 1381 1439 1386 ’

167 1493 185 1545 f.
196 1495 244 1545 reo
254 1480 368 1546 animal
394 1478 399 1566 Ι
423 1479 486 1546 uile
514 1479 635 1546 blandis
662 1478 801 1546 sensibus
829 1478 910 1545 allici
937 1480 968 1544 et
989 1479 1160 1546 dulcedinis
1185 1479 1298 1546 labilis
1324 1499 1377 1546 no-

255 1581 333 1648 lucri
354 1581 536 1648 titillatione
557 1581 708 1648 mulceri?
735 1582 815 1664 quod
837 1581 919 1648 enim
940 1582 1099 1666 uoluptate
1121 1581 1323 1660 dissoluitur‚
1347 1584 1377 1648 id
1385 1607 1404 1644 a

255 1684 407 1752 contraria
427 1703 549 1750 necesse
572 1687 619 1750 est
640 1684 771 1752 tristitia
785 1684 993 1763 contrabatur,
1016 1703 1071 1750 nec
1084 1676 1222 1750 immam
1238 1687 1375 1752 existere
1438 1737 1439 1776 p

254 1787 292 1854 ab
314 1788 467 1854 anxietate
480 1789 583 1871 potest
598 1787 743 1854 macroris
758 1786 840 1869 quod
854 1787 975 1854 laetitia
989 1788 1124 1870 trepidat
1138 1789 1169 1852 et
1183 1789 1374 1854 lenitatibus
1438 1777 1439 1810 l

254 1891 413 1957 extollitur
445 1891 635 1976 gaudiorum.
672 1894 799 1972 utroque
833 1891 936 1956 autem
964 1891 1075 1958 affectu
1103 1891 1215 1958 debent
1238 1910 1310 1958 esse
1335 1893 1376 1957 dii

254 1993 358 2074 liberi,
382 1993 409 2058 si
431 2013 480 2060 eos
503 2013 568 2060 esse
589 1995 751 2078 perpetuos
773 1996 804 2060 et
827 1995 1006 2062 mortalium
1028 1995 1171 2060 uolumus
1195 1995 1375 2080 fragilitate

252 2099 397 2182 priuatos.
427 2098 502 2182 qnid
523 2099 603 2180 quod
625 2098 723 2162 omnis
739 2097 881 2180 uoluptas
899 2099 986 2181 quasi
1001 2098 1150 2183 quasdam
1166 2098 1214 2163 est
1229 2099 1374 2166 adulatio
1384 2124 1403 2162 a

253 2201 384 2284 corporis
411 2202 552 2284 notisque
579 2200 644 2266 illis
672 2200 811 2266 sensibus
840 2202 1013 2268 adsumitur
1040 2201 1189 2284 quinque:
1223 2205 1374 2284 quamsi

253 2305 356 2388 superi
384 2305 537 2386 sentiunt,
566 2307 598 2369 et
626 2321 676 2369 eos
707 2323 828 2370 necesse
849 2306 897 2371 est
918 2324 983 2370 esse
1010 2305 1174 2388 participes
1198 2323 1372 2387 corporum,

252 2426 305 2491 per
333 2425 408 2490 quae
437 2409 488 2473 uia
516 2411 562 2472 est
591 2407 729 2474 sensibus
757 2410 788 2472 et
815 2407 999 2492 accipiendis
1027 2407 1242 2489 uoluptatibus
1270 2408 1372 2473 ianua

251 2513 405 2593 postremo
428 2509 507 2593 quod
523 2509 669 2594 gaudium
685 2513 732 2575 est
751 2509 942 2576 innoxiorum
958 2511 1163 2576 animantium
1178 2511 1371 2576 mactatione

251 2612 376 2694 laetari,
404 2613 589 2678 miserabilis
617 2631 706 2696 saepe
734 2613 876 2678 exaudire
908 2614 1064 2698 mugitus,
1099 2616 1180 2680 riuos
1209 2615 1403 2699 sanguinius

253 2735 388 2797 cernere,
422 2715 540 2782 animas
569 2735 638 2782 oum
673 2735 778 2782 oruoro
806 2715 956 2800 fugientes
989 2716 1211 2799 patefactisque
1243 2718 1372 2783 secretis

251 2822 424 2904 prouoluier
451 2804 600 2886 intestina
629 2839 698 2884 oum
721 2820 905 2885 stercorant
928 2839 963 2889 ox
985 2820 1106 2886 residuo
1129 2820 1242 2903 spiritu
1267 2821 1371 2888 exsul·

252 2925 351 2988 tantia
383 2924 481 2988 adbuc
513 2924 602 2989 corda
635 2923 896 3006 tremibundisqup
925 2923 1112 3006 palpitantes
1140 2925 1173 2990 in
1198 2925 1372 2990 uisceribus

252 3029 366 3091 uenas?
396 3027 531 3092 semiferi
552 3046 607 3093 nos
628 3026 782 3106 homines,
806 3025 993 3110 quinimmo,
1017 3028 1152 3111 apertius
1174 3029 1210 3092 ut
1230 3046 1371 3110 pronun·

253 3129 366 3194 tiemus
394 3129 473 3212 quod
497 3131 542 3196 est
564 3129 668 3195 uerius
696 3131 788 3212 atque
815 3129 919 3214 aptius
942 3129 1041 3210 dictu,
1066 3129 1138 3209 feri,
1163 3148 1239 3212 quos
1262 3130 1403 3196 infabre

254 3229 417 3298 necessitas
440 3233 470 3297 et
492 3231 593 3298 malus
621 3251 694 3297 usus
723 3231 844 3298 edocuit
873 3232 955 3297 cibos
979 3252 1015 3300 ex
1035 3231 1085 3297 his
1107 3251 1244 3316 carpere,
1276 3235 1371 3298 mise-

251 3333 371 3400 ratione
403 3334 558 3401 interdum
591 3353 818 3401 commonemur
850 3334 994 3418 illorum,
1027 3335 1187 3420 arguimus
1221 3354 1279 3401 nos
1312 3335 1371 3417 ipsi

249 3437 432 3522 penitusque
453 3457 486 3504 re
508 3439 575 3504 uisa
590 3441 681 3521 atque
702 3438 838 3523 inspecta
852 3437 1043 3517 damnamus,
1067 3439 1148 3521 quod
1162 3439 1371 3504 humanitatis
1435 3457 1436 3488 u

250 3541 316 3607 iure
333 3541 473 3624 'deposito
494 3542 644 3608 naturalis
663 3542 758 3608 runoli
784 3543 935 3608 consortia
962 3542 1144 3625 ruperimus.
1168 3542 1239 3607 deos
1256 3541 1372 3625 aliquis

285 3812 462 3868 2haeoSeb:
479 3812 562 3867 hicP
662 3814 826 3883 3potoSob
927 3814 1037 3868 daem
1050 3815 1105 3868 Sub
1208 3814 1371 3869 Siccaenum

251 3900 362 3969 sipaaaa'
492 3900 508 3953 9
526 3899 616 3954 labilis
635 3900 703 3955 Sub:
721 3899 798 3953 labili
817 3901 843 3953 P
972 3899 1005 3954 10
1021 3899 1094 3954 euim
1109 3915 1169 3968 sap.
1187 3914 1260 3954 acra·
1278 3901 1306 3952 P

251 3986 284 4040 12
302 3988 390 4054 potest
401 3984 499 4040 addidi
583 3986 691 4040 meroris
705 3987 732 4039 P
818 3985 850 4038 13
867 3985 962 4038 affectu
977 3985 1031 4039 Sub
1042 3985 1074 4038 aba
1087 4001 1147 4038 err.-
1166 3985 1260 4039 effectu
1276 3985 1304 4038 P

252 4072 291 4126 dia'
308 4072 335 4126 P
425 4072 456 4126 17
476 4088 518 4126 eos
536 4073 649 4140 scripsi.-
667 4087 754 4125 eorum
772 4072 799 4124 P
884 4087 939 4124 esse
956 4072 1095 4139 participas
1109 4071 1178 4126 Sub:
1195 4070 1370 4140 imparticipas

251 4158 278 4210 P
369 4158 604 4212 20miserahilesc
700 4157 895 4226 22prouoluier
911 4156 1145 4212 Hildebroade‘as:
1163 4157 1286 4226 prouolui
1303 4159 1372 4212 etP

250 4244 371 4314 prouolui
387 4245 439 4300 Urs
523 4245 557 4298 23
569 4242 798 4311 tremebundisque
815 4243 881 4298 Urs.-
898 4242 1169 4312 tremibundasqueP
1250 4243 1375 4312 24aper-

251 4329 317 4398 tius]
344 4331 417 4398 prins
446 4330 498 4384 Urs
523 4330 612 4398 potins
636 4328 710 4384 Socim
820 4329 854 4382 25
879 4328 967 4396 aptius
993 4329 1108 4397 scrupea.-
1133 4329 1248 4398 apertius
1274 4330 1303 4384 P

251 4416 285 4469 29
302 4415 385 4470 uinoli
401 4416 512 4484 scripsi:
531 4415 604 4468 initii
620 4415 647 4467 P
748 4415 896 4482 ruperimus
919 4414 982 4468 Get:
1005 4415 1147 4482 reperimus
1166 4415 1193 4468 P
