2888 5008
579 505 677 561 Liber
697 506 744 562 VI.
1151 509 1213 578 225

61 727 67 732 -
106 679 173 744 siue
201 696 255 761 per
283 679 371 744 urbes
393 675 503 743 ‘Graias
529 677 595 742 siue
616 677 674 742 iate
697 695 755 760 qno
776 676 866 744 fiuxit
886 695 970 744 amor
992 678 1212 764 taliumcupi-

105 782 245 865 ditasque
267 782 433 866 signomm.
466 781 570 863 itaque
591 779 721 846 artifices
744 797 848 846 omnes
861 781 937 864 ipsis
952 781 1050 848 isdem
1065 783 1118 866 qui
1133 784 1213 849 tom-
1259 795 1263 809 '

103 885 230 970 poribus
245 884 410 949 extiterunt
425 883 593 966 quibusque
606 883 722 966 primas
742 883 834 950 dabat
848 884 1112 968 exprimendarum
1126 886 1214 952 simi-

104 987 274 1054 litudinum
295 987 409 1052 nenias
430 987 514 1052 omni
536 1005 608 1052 cura
630 987 791 1070 studioque
813 987 968 1054 certabant
989 988 1076 1053 filum
1101 989 1213 1074 capitia

82 1090 265 1175 sprostituti
287 1088 447 1174 Cythereia
467 1090 501 1154 in
523 1088 687 1155 simulacra
709 1089 878 1169 traducere,
901 1090 1047 1156 ardebant
1062 1089 1214 1156 artificum

104 1197 126 1277 †
148 1193 226 1260 scita
248 1193 384 1276 alterque
405 1193 538 1258 alterum
564 1192 685 1258 uincere
700 1193 890 1258 contentiosa
904 1192 1109 1260 aemulatione
1124 1212 1214 1277 qnae-

104 1297 222 1376 robant
242 1315 302 1362 non
318 1295 422 1361 Venus
437 1299 472 1360 ut
488 1295 650 1380 augustior
664 1295 751 1360 fieret
771 1296 824 1362 aed
838 1298 875 1362 nt
888 1297 1012 1380 Phryne
1030 1314 1084 1380 pro
1098 1297 1214 1362 Venere

78 1429 82 1435 ·
104 1401 209 1466 staret.
243 1401 334 1483 atque
355 1399 401 1464 ita
421 1398 567 1481 perducta
588 1401 636 1464 est
656 1418 706 1464 res
728 1417 761 1464 co
783 1400 819 1463 nt
840 1419 894 1482 pro
915 1400 975 1466 diis
990 1399 1215 1465 immortalibus

105 1522 192 1568 sacra
221 1502 431 1568 meretricibus
457 1501 564 1567 fierent
587 1503 618 1567 et
640 1501 747 1567 infelix
774 1503 883 1588 religio
905 1503 1062 1586 signorum
1084 1502 1213 1568 fabrica·

66 1631 96 1670 lc
105 1606 242 1671 tionibus
271 1605 438 1672 falleretur.
471 1605 552 1671 iuter
578 1603 732 1688 significes
754 1607 807 1672 ille
829 1609 1016 1672 memoratus
1038 1607 1164 1672 Phidias
1185 1605 1216 1671 et

105 1709 232 1794 primus,
255 1728 325 1774 cum
339 1708 476 1793 Olympii
498 1708 629 1773 formam
648 1707 731 1774 Ionis
753 1709 913 1774 molimine
935 1708 1033 1790 operis
1055 1707 1215 1774 extulisset

104 1812 251 1891 inmensi,
283 1829 372 1893 super
400 1812 450 1876 dei
478 1810 577 1895 digito
600 1827 797 1876 Pnnrnncns
820 1811 976 1896 inscripsit
997 1828 1154 1878 Puncnnn
1175 1847 1218 1858 -
1332 1824 1335 1836 ¹

104 1933 215 1982 nomen
237 1917 341 1980 autem
363 1915 464 1981 fixerat
485 1915 581 1980 amati
596 1913 635 1980 ab
651 1933 684 1978 se
699 1916 784 1997 pueri
800 1916 892 1998 atque
906 1916 1033 1980 obscena
1047 1914 1216 1999 cupiditate

108 2017 114 2105 Ι
140 2019 299 2084 dilecti-
316 2036 412 2100 neque
434 2017 498 2082 ullo
519 2019 605 2082 metu
626 2020 672 2082 est
695 2022 749 2082 aut
771 2019 917 2102 religione
940 2018 1318 2086 commoreremini»

67 2149 95 2188 15
104 2123 228 2187 nomino
256 2122 422 2204 prostibuli
447 2140 636 2204 nuncupare,
667 2121 837 2204 quinimmo
860 2122 977 2188 exoleto
999 2122 1083 2186 Ionis
1104 2142 1216 2187 numen

105 2225 364 2307 simulacrumque
394 2243 522 2289 sacrare.
555 2243 652 2306 usque
681 2224 755 2290 adeo
778 2223 869 2289 ludus
893 2225 940 2290 est
962 2225 993 2290 et
1013 2225 1140 2308 puerilis
1162 2227 1217 2290 ad-

105 2328 198 2393 lectio
219 2327 370 2410 sigillaria
391 2329 452 2392 ista
473 2327 613 2405 formare,
642 2329 766 2392 adorare
788 2345 841 2411 pro
865 2327 911 2392 dis
934 2347 979 2409 ea,
1000 2328 1214 2394 sanctitatibus

104 2431 299 2497 accumulare
321 2430 445 2510 diuinis,
469 2449 540 2496 oum
562 2430 643 2513 ipsos
663 2431 823 2496 uideamus
838 2431 970 2498 artifices
986 2431 1019 2497 in
1035 2430 1216 2514 effingendis

103 2535 154 2599 his
176 2534 280 2599 ludere
303 2533 523 2599 etlibidinnm
543 2535 736 2616 propriarum
764 2537 961 2601 monumenta
983 2537 1108 2600 sancire.
1142 2533 1216 2616 quid

65 2639 153 2702 aoest
176 2637 268 2716 enirn,
291 2636 318 2703 si
340 2637 477 2720 questas,
502 2656 556 2701 our
577 2636 704 2702 Phidias
726 2636 832 2702 ludere
846 2656 881 2703 ac
896 2638 1037 2702 lasciuire
1053 2637 1217 2716 dubitaret,

105 2760 177 2806 cum
199 2741 270 2806 ante
291 2741 453 2822 paululum
475 2739 621 2823 temporis
643 2740 749 2806 Ionem
771 2739 874 2821 ipsum
894 2760 983 2823 quern
999 2741 1110 2806 fecerat
1125 2740 1219 2804 sciret

104 2863 214 2909 aurum
247 2843 357 2922 fuisse,
391 2844 510 2926 lapides
539 2844 630 2925 atque
659 2860 727 2908 ossa
749 2843 892 2908 informia
919 2845 1073 2925 disparata
1095 2843 1218 2908 confusa

104 2965 199 3030 seque
220 2947 329 3012 horum
351 2947 488 3011 omnium
511 2948 760 3030 congregatorem
785 2950 876 3029 atque
890 2947 1069 3026 uinctorem,
1091 2946 1217 3012 habitus

104 3049 154 3115 eia
172 3069 225 3133 per
247 3069 280 3115 se
302 3049 389 3115 datos
418 3049 626 3115 membrorum
647 3049 852 3115 similitudine
882 3049 1032 3115 fabricata
1060 3051 1105 3129 et,
1135 3049 1215 3132 qnod

66 3154 186 3218 osinter
208 3153 311 3218 omnia
336 3153 473 3235 primum
494 3156 556 3230 est,
590 3151 638 3218 sui
661 3171 726 3218 esse
747 3152 929 3218 beneficium
953 3153 1104 3234 muneris,
1138 3153 1218 3235 quod

104 3257 199 3320 natus
222 3252 286 3342 [per
307 3254 350 3342 se]
367 3293 381 3324 e
398 3256 477 3320 esset
503 3257 596 3338 atque
611 3256 643 3320 in
653 3256 750 3332 'rebus
765 3255 942 3322 adoraretur
956 3257 1121 3322 humanis?
1142 3255 1218 3320 libet
1233 3266 1267 3326 ll

104 3357 139 3422 in
161 3357 319 3438 hocloco,
350 3361 509 3440 tamqnam
532 3359 559 3424 si
581 3376 684 3424 omnes
715 3359 819 3424 adsint
841 3359 989 3424 terrarum
1014 3378 1049 3424 ex
1071 3359 1142 3423 orbe
1162 3379 1217 3426 na-

103 3460 219 3541 tiones,
247 3481 339 3526 unam
366 3461 464 3526 facere
487 3461 658 3526 contionem
695 3463 786 3544 atque
809 3462 841 3526 in
863 3480 951 3528 aures
979 3462 1052 3527 haec
1079 3460 1217 3527 omnium

140 3748 236 3804 listio
253 3749 394 3802 Mewrso‘oo
494 3747 604 3802 4filnm
622 3749 692 3802 Sub.-
709 3747 797 3803 fllium
814 3750 841 3803 P
943 3749 1108 3818 bchytereia
1125 3750 1152 3803 P

104 3834 216 3904 ducite]
235 3834 342 3888 caela?
449 3833 586 3903 iPhryne
607 3833 672 3888 Gal.-
693 3833 771 3902 fryna
788 3834 816 3888 P
831 3834 936 3903 Phprnc
954 3835 1008 3890 Sob
1110 3835 1143 3889 10
1158 3834 1220 3888 fidi·

104 3937 135 3976 as
154 3921 181 3975 P
309 3922 337 3974 et
357 3920 419 3975 Gal:
436 3920 517 3973 est}
647 3919 681 3974 12
697 3919 842 3974 Pantarces
864 3920 931 3974 Urs.-
952 3921 1108 3989 pentarclres
1125 3920 1154 3974 P

104 4007 140 4061 15
152 4006 251 4060 exoleto
264 4005 479 4062 SabeexiletoP
554 4006 587 4060 16
598 4005 707 4073 puerilis
718 4006 861 4074 Sabepuer
872 4006 954 4060 his‘P
1031 4006 1063 4060 17
1076 4005 1153 4060 diisc

104 4096 145 4165 ea]
158 4096 186 4147 et
201 4093 253 4148 Urs
354 4092 440 4146 sancti
453 4091 553 4146 talibus
566 4091 620 4146 Snb
722 4091 843 4146 20fidias
856 4093 884 4147 P
983 4092 1218 4162 22diisparatec,

107 4181 163 4236 Sub
180 4197 242 4236 corr
258 4180 290 4234 ia
307 4195 351 4232 ecc
464 4178 498 4232 23
515 4191 551 4248 sq.
569 4177 666 4232 babitu
683 4179 720 4232 cis
737 4194 784 4248 per
801 4195 829 4232 se
847 4178 910 4232 dato
928 4179 980 4233 Urs
1087 4179 1122 4232 24
1139 4195 1220 4232 mern·

105 4268 213 4321 brorum
234 4265 344 4333 scripsi:
372 4264 401 4318 in
427 4263 600 4318 membrorum
617 4263 646 4317 P
761 4263 790 4316 in
815 4263 991 4319 membrorum
1015 4263 1219 4320 similitudinem

103 4353 222 4408 Ziobios
322 4350 355 4404 26
372 4367 417 4420 per
428 4367 456 4404 se
466 4349 563 4404 acolaci
663 4349 791 4407 cocceam
801 4350 928 4418 sipoooo:
945 4349 1112 4404 intercidisse
1123 4351 1219 4405 ciden-

103 4439 236 4496 torbace
254 4435 392 4505 Olympius
409 4435 528 4506 luppiter
629 4433 801 4489 adnotaretur
823 4434 874 4490 Urs

210 4540 257 4598 lv.
1087 4542 1119 4594 15
