2888 5008
544 480 642 536 aroer
662 481 723 574 vu.
1123 483 1186 550 245

67 655 255 735 inminentia
282 653 428 722 fortuitis.
461 671 522 721 non
545 654 686 738 exiguam
714 671 819 736 curam
846 653 930 718 locus
952 652 1011 719 iste
1034 652 1186 739 desiderat

68 778 127 826 nec
148 759 229 842 quod
250 757 362 823 dicitur
384 757 474 822 lacile
496 759 562 823 tam
583 758 765 824 consuetum
780 757 828 821 661
843 757 894 821 661
909 755 1010 840 audiri
1024 757 1077 821 uel
1092 757 1185 822 credi.

69 862 230 928 aduolabit
257 861 340 928 enim
365 860 508 926 continuo
536 861 698 926 uniuersus
719 859 774 926 ille
796 858 1042 925 doctissimorum
1065 860 1183 938 chorus,

69 965 126 1047 qui
158 964 338 1031 adseuerans
368 963 399 1028 et
426 963 612 1047 conprobans
639 962 732 1048 11616
765 961 831 1028 fieri
864 980 1071 1045 quaecumque
1103 961 1212 1049 116611.
1226 974 1275 1023 rso

46 1067 182 1150 resipiat
202 1067 290 1132 nobis
312 1085 329 1132 e
344 1065 487 1132 manibus
502 1066 677 1148 opinionem
690 1067 785 1132 istam
799 1067 831 1132 61
846 1064 989 1132 16661166
1005 1082 1060 1129 666
1075 1066 1186 1150 arguat

68 1168 318 1253 persuasionibus
339 1169 443 1234 fidere.
467 1169 614 1252 quicquid
635 1169 668 1234 in
690 1168 815 1248 mundo,
838 1169 966 1252 inquiet,
989 1169 1114 1252 gestum
1129 1167 1184 1245 661,

68 1274 189 1358 geritur
211 1274 242 1338 ct
263 1273 403 1358 geretur,
431 1272 508 1336 olim
530 1271 691 1338 delinitum
713 1273 745 1337 et
766 1271 861 1336 fixum
883 1273 930 1338 est
950 1271 1102 1354 habetque
1125 1269 1186 1334 im-

68 1377 200 1442 mobiles
222 1394 338 1455 causas,
360 1393 414 1458 per
435 1392 511 1456 quas
534 1375 599 1440 siut
620 1374 681 1440 sibi
699 1393 748 1440 res
763 1393 856 1441 nexae
870 1376 902 1440 61
916 1373 1186 1458 inexpugnabilem

11 1551 12 1554 Ἴ
68 1479 231 1544 conserant
260 1478 496 1561 praeteritorum
512 1497 595 1542 cum
627 1477 860 1544 imminentibus
893 1476 1122 1544 necessitatem.
1159 1476 1186 1540 si

32 1582 231 1647 rodeliuitum
253 1581 285 1646 et
305 1579 401 1646 fixum
430 1581 492 1662 est,
527 1581 602 1663 quid
628 1581 786 1665 optingere
813 1580 945 1666 singulis
974 1580 1050 1674 mali
1077 1578 1186 1644 debeat

68 1685 180 1752 bouiue
200 1685 264 1750 iam
292 1683 410 1748 certum
432 1684 488 1748 est.
522 1683 652 1766 quodsi
674 1686 793 1750 certum
816 1684 863 1748 est
884 1686 915 1748 61
937 1684 1045 1762 lixum,
1074 1683 1186 1748 uacant

67 1787 173 1854 omnia
194 1786 321 1852 deorum
343 1785 467 1864 auxilia,
490 1787 600 1852 666661
622 1786 706 1865 odia,
740 1789 851 1852 uacant
872 1785 1087 1872 benignitates.
1120 1787 1186 1850 tam

68 1891 152 1955 enim
177 1889 332 1972 praestare
361 1905 422 1953 non
455 1887 583 1971 possunt
610 1886 643 1952 id
670 1888 750 1971 quod
779 1906 838 1953 non
867 1890 969 1971 potest
996 1887 1061 1954 fieri
1094 1906 1187 1970 quam

67 1993 228 2076 probibere
266 2012 306 2058 ne
332 1991 388 2056 fiat
414 1990 446 2056 id
475 1990 555 2073 quod
583 2007 704 2074 6666666
737 1991 785 2055 661
812 1992 942 2056 6666166.
975 1991 1079 2074 'quisi
1108 1988 1187 2073 quod

31 2121 59 2164 re
67 2095 203 2162 ualidius
236 2091 372 2179 premere
404 2093 578 2176 opinionem
611 2093 714 2172 161666,
743 2093 770 2158 61
790 2085 954 2174 noluerint,
987 2093 1188 2178 6611661661

68 2200 162 2266 etiam
183 2200 265 2281 ipsos
288 2198 358 2265 deos
384 2197 500 2263 frustra
524 2197 628 2262 116661
650 2215 669 2262 6
690 2197 776 2263 66116
803 2195 863 2261 ooli
890 2196 922 2259 et
954 2195 1187 2277 superuacaneis

66 2301 344 2387 supplicationibus
372 2300 502 2366 adorari.
540 2319 612 2366 cum
644 2299 726 2364 euim
753 2294 892 2364 ordinem
923 2299 1042 2362 uertere
1075 2298 1106 2361 61
1138 2298 1187 2362 fa-

67 2407 146 2488 talia
176 2406 327 2487 nequeant
357 2391 529 2470 constituta
551 2402 686 2480 6661666,
709 2401 784 2483 quid
812 2400 873 2481 rei,
903 2399 977 2484 quid
1006 2417 1112 2464 666666
1140 2401 1187 2462 est

67 2508 200 2592 fatigare
238 2507 269 2573 et
306 2506 473 2572 obtundere
509 2522 614 2570 eorum
651 2522 738 2570 aures
774 2504 855 2568 uelle
893 2521 1027 2590 quorum
1063 2500 1209 2566 66611116.
1301 2573 1305 2577 ,

30 2627 200 2693 66666666
222 2609 380 2690 supremis
407 2608 440 2673 in
469 2607 704 2672 necessitatibus
734 2607 848 2690 fidere?
884 2607 1037 2688 postremo
1065 2605 1091 2670 si
1113 2604 1185 2668 tris·
1199 2610 1234 2673 ll
1356 2640 1361 2650 ·

67 2713 112 2778 tia
146 2715 239 2795 atque
266 2712 430 2793 inportuna
456 2710 501 2776 dii
528 2709 664 2792 pellunt,
694 2710 721 2774 si
749 2728 785 2774 ea
823 2727 899 2792 quae
927 2710 1000 2774 sunt
1026 2708 1108 2774 16616
1136 2707 1185 2773 61·

67 2835 126 2897 666
154 2814 254 2880 amica
288 2807 477 2896 largiuntur:
510 2813 591 2879 uude
622 2814 696 2879 6661
724 2811 838 2879 mundo
871 2813 950 2878 16611
978 2813 1103 2894 tamque
1135 2810 1185 2875 in-

67 2917 272 2984 numerabiles
297 2918 419 2998 miseri‚
447 2917 527 2983 unde
556 2916 604 2981 161
625 2915 763 2982 infelices
785 2915 1009 2982 lacrimabilem
1031 2914 1130 2978 uitam
1151 2913 1185 2976 in

66 3022 204 3087 extrema
219 3021 299 3086 sorte
314 3021 482 3105 ducentes?
506 3039 560 3086 cur
581 3020 733 3087 immunes
748 3039 766 3086 a
781 3016 1010 3086 calamitatibus
1032 3033 1091 3080 non
1113 3015 1186 3079 sunt

28 3125 119 3207 aequi
149 3127 306 3192 momenta
334 3143 388 3208 per
417 3123 551 3208 singula,
590 3123 643 3205 qui
664 3141 718 3206 per
747 3122 861 3206 puncta
880 3119 1038 3186 sacrifieiis
1059 3119 1186 3185 onerant

67 3230 158 3310 atque
187 3227 386 3294 adcumulant
415 3230 505 3307 aras?
541 3244 639 3292 nonne
669 3226 760 3305 alios,
790 3224 949 3307 inquiunt,
980 3222 1119 3287 uidemus
1149 3240 1186 3286 er

66 3330 133 3395 illis
160 3330 318 3396 domicilia
344 3348 409 3396 esse
431 3330 624 3409 morborum,
652 3323 796 3393 extinctis
823 3325 993 3391 luminibus
1016 3325 1106 3408 atque
1129 3343 1185 3389 au·

63 3433 154 3516 ribus
176 3434 338 3514 obseratis,
360 3433 474 3516 pedum
493 3431 596 3498 carere
620 3449 780 3514 processu,
802 3430 926 3494 truncos
952 3429 1017 3495 sine
1042 3427 1184 3516 manibus

61 3537 191 3621 degere,
227 3536 392 3614 incendiis,
427 3535 597 3620 naufragiis
627 3535 659 3599 et
685 3533 783 3598 ruinis
817 3527 916 3616 mergi
947 3530 1035 3598 61661
1070 3529 1184 3614 confici,

30 3638 261 3723 sopatrimoniis
287 3639 292 3726 1
318 3639 356 3704 61
384 3638 563 3724 ingentibus
593 3637 731 3703 66616166
758 3633 964 3701 mercennario
993 3650 1057 3699 sese
1079 3631 1288 3701 laboraturo·

100 3881 120 3936 3
147 3878 284 3934 aduolabit
308 3879 376 3935 Sub:
404 3877 544 3934 aduolauit
561 3877 589 3931 P
723 3877 741 3930 5
766 3875 842 3931 uobis
867 3873 1001 3930 06616666
1136 3885 1185 3924 666

65 3970 206 4024 (06616666
243 4007 245 4010 -
308 3963 472 4036 6661616611
489 3964 517 4018 Ρ
533 3979 595 4018 carr
696 3960 878 4030 1161616666
895 3961 993 4015 Pccrr
1094 3955 1186 4012 8sint

69 4053 123 4108 sibi
145 4052 259 4122 scripsi:
289 4051 342 4106 sibi
365 4052 393 4106 P
422 4049 474 4105 sibi
497 4049 554 4103 sint
576 4037 795 4103 Hrldcbrcadtas
941 4035 969 4099 61
994 4057 1036 4098 cm
1066 4041 1118 4096 ceo

68 4140 104 4194 14
121 4139 174 4194 nisi
191 4137 270 4208 qnod]
288 4137 413 4208 praeitor
427 4135 604 4206 perturbatus
620 4133 733 4189 uidetur
750 4148 803 4188 esse
820 4132 864 4188 bic
880 4133 954 4186 16666
1062 4127 1095 4182 15
1113 4143 1186 4195 prae·

70 4241 139 4279 mere
156 4225 184 4278 P
282 4224 417 4278 noluerint
435 4222 491 4278 Sub
592 4221 625 4275 16
643 4217 995 4290 superuacnaneisPccrrr
1093 4214 1187 4268 1701-

67 4311 209 4366 dinsemP
310 4310 344 4364 29
361 4308 437 4365 obrui
448 4307 534 4378 mergi
545 4307 706 4364 stewechius
807 4303 841 4360 30
857 4301 1036 4358 mercennario
1049 4299 1187 4356 seseScb:

70 4414 260 4494 mercennarios
280 4399 309 4468 ee
326 4413 352 4466 P
