2950 5006
369 1503 372 1510 .
419 1422 640 1533 titan
676 1423 948 1534 PRIMVS

169 1675 328 1775 Quoniam
350 1710 483 1792 comperi
510 1711 689 1790 nonnullos,
719 1713 772 1794 qui
795 1732 827 1778 se
849 1714 1019 1796 plurimum
1049 1733 1154 1798 sapere
1177 1717 1267 1804 suisl

120 1813 371 1894 persuasionibus
399 1813 537 1892 credunt,
565 1815 711 1894 insanire,
742 1816 884 1881 bacchari
914 1817 945 1881 et
973 1818 1062 1882 uelut
1092 1817 1240 1899 quiddam

124 1917 302 1997 promptum
324 1934 360 1980 er
382 1916 504 1980 oraculo
534 1917 649 1982 dicere:
678 1919 839 2000 postquam
854 1937 919 1984 esse
942 1920 974 1984 in
996 1919 1110 1984 mundo
1134 1919 1239 1986 Chris-

104 2019 209 2084 atiana
228 2037 302 2102 gens
323 2018 431 2100 coepit,
453 2019 603 2096 terrarum
619 2021 724 2085 orbem
738 2021 863 2102 perisse,
887 2022 1132 2087 multiformibus
1148 2024 1238 2090 malis

124 2121 268 2186 affectum
290 2140 354 2186 esse
377 2139 472 2205 genus
494 2123 679 2201 humanum,
711 2123 793 2204 ipsos
820 2125 914 2189 etiam
936 2125 1059 2190 caelites
1083 2126 1237 2192 derelictis

123 2225 205 2288 curis
228 2225 443 2302 sollemnibus,
472 2225 582 2307 quibus
605 2227 759 2308 quondam
782 2227 922 2294 solebant
944 2227 1075 2293 inuisere
1097 2248 1144 2296 res
1168 2249 1237 2296 nos-

125 2329 199 2406 tras,
223 2329 376 2392 terrarum
391 2328 429 2392 ab
444 2327 620 2412 regionibus
642 2331 873 2395 exterminatos:
897 2331 991 2395 statui
1013 2349 1067 2414 pro
1090 2335 1182 2414 captu
1204 2353 1239 2398 ac

124 2431 338 2496 mediocritate
360 2431 507 2496 sermonis
530 2433 682 2497 contraire
704 2431 840 2498 inuidiae
863 2434 893 2498 ot
910 2433 1112 2499 calumniosas
1127 2435 1238 2500 dissol-

89 2553 196 2598 muers
217 2533 462 2611 criminationes,
486 2554 524 2598 ne
547 2535 602 2598 aut
624 2533 674 2598 illi
696 2535 758 2600 sibi
780 2535 959 2619 uideantur,
982 2538 1142 2620 popularia
1164 2538 1238 2602 dum

123 2637 217 2701 uerba
246 2637 441 2719 depromunt,
472 2633 619 2720 magnum
648 2637 770 2720 aliquid
799 2638 898 2704 dicere
921 2642 974 2705 aut
996 2641 1023 2704 si
1045 2658 1098 2704 nos
1121 2641 1237 2706 talibus

123 2739 365 2805 continuerimus
388 2739 426 2803 ab
449 2739 571 2819 litibus,
596 2741 766 2806 obtinuisse
789 2760 821 2806 se
844 2761 967 2808 eausam
990 2743 1099 2824 putent
1122 2743 1238 2808 uictam
1337 2817 1344 2833 Ν

123 2843 174 2906 sui
195 2843 271 2906 uitio
286 2861 346 2907 non
361 2843 551 2908 adsertorum
567 2843 688 2909 silentio
705 2844 898 2910 dest'tutam.
935 2864 1032 2926 neque
1047 2845 1130 2910 enim
1145 2865 1238 2930 nega·

122 2946 224 3012 nerim
246 2946 473 3011 ualidissimam
495 2965 559 3012 esse
582 2948 806 3013 accusationem
821 2947 913 3012 istam
929 2948 1153 3030 hostilibusque
1168 2968 1239 3014 con·

86 3074 113 3112 11
123 3049 235 3133 dignos
257 3051 336 3115 odiis
359 3068 413 3114 nos
437 3069 515 3128 esse,
540 3051 567 3116 si
588 3051 668 3133 apud
692 3070 746 3116 nos
770 3069 834 3116 esse
849 3051 1024 3117 const'terit
1047 3070 1162 3129 causas,
1186 3071 1240 3135 per

122 3170 199 3234 quas
228 3155 290 3217 suis
320 3154 452 3218 mundus
475 3155 629 3219 aberrauit
652 3155 689 3219 ab
712 3155 850 3238 legibus,
880 3155 1074 3220 exterminati
1101 3156 1173 3220 sunt
1195 3155 1238 3220 dii

122 3256 229 3340 longe,
263 3257 401 3321 examina
432 3257 520 3321 tanta
556 3275 727 3322 maerorum
764 3257 944 3322 mortalium
976 3257 1131 3340 inportata
1164 3258 1237 3322 sunt

122 3359 262 3424 saeculis.
297 3359 496 3441 inspiciamus
526 3359 622 3444 igitur
651 3360 803 3442 opinionis
829 3360 919 3425 istius
951 3364 1088 3426 mentem
1121 3361 1153 3424 et
1181 3359 1268 3428 booz

122 3461 205 3542 quod
222 3462 352 3527 dicitur
383 3461 474 3544 quale
506 3463 549 3527 sit
581 3465 803 3546 summotisque
836 3463 977 3530 omnibus
1010 3463 1239 3528 contentionum

83 3588 111 3630 ee
122 3564 250 3643 studiis,
277 3565 387 3647 quibus
410 3567 564 3630 obscurari
587 3568 618 3630 et
639 3567 760 3652 contegi
789 3565 1004 3649 contemplatio
1026 3584 1130 3630 rerum
1151 3565 1237 3646 solet,

121 3687 161 3731 an
184 3668 226 3731 sit
246 3667 331 3732 istud
352 3668 432 3750 quod
454 3669 568 3733 dicitur
591 3689 711 3752 uerum,
735 3669 959 3733 momentorum
981 3667 1101 3750 parium
1124 3668 1238 3732 erami-

120 3771 244 3836 natione
277 3771 454 3854 pendamus.
501 3771 649 3836 efficietur
679 3773 760 3838 enim
788 3772 922 3856 profecto
950 3771 1106 3836 rationum
1134 3788 1238 3836 conse·

119 3874 283 3956 quentium
299 3873 453 3956 copulatu,
476 3875 511 3938 ut
532 3892 592 3940 non
613 3875 701 3956 impii
724 3893 779 3939 nos
802 3875 902 3959 magis
919 3873 971 3939 sed
985 3873 1035 3938 illi
1049 3871 1110 3957 ipsi
1124 3876 1237 3954 reperi·

156 4163 189 4216 12
206 4179 222 4216 a
240 4162 296 4216 Sab
398 4163 431 4218 14
447 4163 548 4217 histum
563 4163 661 4218 Pcorr
763 4164 796 4217 15
813 4163 921 4238 octbr>
1022 4161 1055 4215 16
1072 4162 1238 4216 exterminati

117 4264 222 4314 sumus,
246 4247 307 4301 dum
327 4249 406 4317 longe
424 4248 478 4303 Sat
501 4249 694 4302 exterminandi
712 4265 811 4316 sumus,
830 4251 854 4302 ai
871 4265 917 4316 per
934 4264 982 4302 nos
1004 4247 1053 4300 Get
1070 4248 1238 4302 exterminati

115 4334 205 4388 simus
222 4333 309 4402 longe,
327 4333 391 4388 dnm
407 4335 546 4390 Mcwrse'rrs
649 4336 680 4388 17
699 4337 845 4390 moralium
862 4336 889 4391 P
990 4335 1022 4388 19
1040 4335 1238 4403 summotisque]

115 4413 224 4472 sumnia
241 4435 324 4488 usque
342 4419 396 4474 aab
498 4421 532 4475 23
549 4421 731 4489 repperiantur
748 4420 775 4475 P

1094 4477 1141 4575 ll*¹
