2888 5008
255 495 317 560 214
555 491 699 549 arnobii
722 495 878 550 aduersus
908 493 1061 550 nationes

544 1399 766 1510 LIBllR
807 1397 1083 1511 SEXTVS

93 1703 94 1708 ἵ
170 1640 187 1692 r.
199 1643 246 1691 121
304 1585 426 1698 lNunc
441 1623 584 1703 quoniam
603 1621 786 1686 summatim
802 1620 1000 1699 ostendimus,
1024 1640 1116 1702 quam
1131 1621 1244 1703 impias
1260 1622 1307 1686 de
1326 1623 1384 1686 diis

231 1712 243 1772 Ι
257 1724 367 1788 uestris
383 1724 561 1807 opinionum
577 1725 798 1789 constitueritis
814 1725 966 1803 infamias,
983 1724 1121 1806 sequitur
1137 1725 1173 1788 ut
1187 1725 1223 1788 de
1236 1725 1383 1808 templis,

257 1827 294 1891 de
323 1827 497 1892 simulacris
530 1829 624 1892 etiam
654 1826 873 1909 sacrificiisque
902 1827 1039 1892 dicamus
1070 1827 1165 1909 deque
1200 1827 1262 1891 alia
1305 1828 1385 1893 serie

257 1950 333 2012 quae
354 1931 403 1996 his
425 1930 515 1996 rebus
538 1933 654 1997 adnexa
676 1934 723 1997 est
746 1935 777 1997 et
800 1931 902 1996 uicina
923 1931 1116 2014 copulatione
1140 1932 1323 1997 coniuncta
1355 1933 1409 1996 ins

256 2034 313 2098 hac
343 2034 423 2098 enim
453 2035 618 2099 consuestis
647 2037 734 2116 parte
757 2035 873 2100 crimen
896 2035 982 2098 uobis
1008 2036 1178 2099 maximum
1199 2035 1384 2116 impietatis

258 2136 400 2220 adfigere,
424 2138 503 2219 quod
526 2157 623 2220 nequo
646 2139 734 2202 aedos
758 2157 860 2204 sacras
883 2138 1090 2203 uenerationis
1113 2138 1151 2201 ad
1173 2135 1280 2202 officia
1308 2157 1383 2203 con-

258 2240 426 2320 struamus,
454 2258 514 2305 non
543 2242 669 2305 deorum
693 2241 823 2306 alicuius
845 2241 1046 2306 simulacrum
1069 2241 1302 2306 constituamus
1329 2243 1383 2306 aut

258 2343 398 2422 sormam,
422 2363 481 2408 non
505 2343 616 2408 altaria
638 2344 832 2422 fabricemus,
855 2361 914 2408 non
937 2362 1013 2422 aras,
1040 2361 1099 2408 non
1122 2361 1281 2408 caesorum
1310 2363 1383 2409 sau-

258 2450 381 2530 guinem
404 2446 610 2511 animantium
633 2447 750 2522 demus,
772 2464 832 2511 non
854 2447 924 2512 tura
946 2465 1042 2530 neque
1063 2445 1166 2531 fruges
1182 2447 1293 2526 salsas,
1320 2466 1409 2511 nono

258 2549 388 2630 denique
410 2548 518 2613 uiuum
541 2549 661 2639 liquens
683 2550 863 2632 paterarum
879 2549 1080 2614 effusionibus
1095 2549 1271 2616 inferamus.
1301 2571 1384 2632 quae

259 2653 381 2735 quidem
410 2669 464 2717 nos
499 2670 652 2718 cessamus
683 2672 743 2718 non
771 2653 839 2718 ideo
869 2653 919 2717 uel
953 2652 1147 2718 exaedificare
1180 2652 1231 2717 uel
1264 2653 1382 2731 facere,

258 2757 417 2836 tamquam
445 2755 545 2837 inpias
574 2773 717 2839 geramus
751 2757 782 2820 et
810 2756 974 2820 scelerosas
1004 2756 1122 2820 mentes
1152 2757 1207 2820 aut
1236 2755 1382 2838 aliquem

260 2857 480 2938 sumpserimus
502 2859 664 2924 temeraria
686 2857 719 2923 in
741 2859 812 2924 deos
834 2858 1045 2941 desperatione
1068 2857 1294 2940 contemptum,
1326 2861 1382 2924 sed

259 2961 340 3042 quod
363 2979 413 3026 eos
436 2961 621 3026 arbitramur
644 2963 674 3026 ot
696 2961 846 3027 oredimus
864 2999 899 3009 —
918 2962 944 3025 si
966 2963 1055 3026 modo
1078 2962 1121 3026 dii
1144 2963 1218 3027 certi
1248 2966 1325 3026 sunt
1348 2967 1409 3027 eta

259 3064 392 3129 nominis
413 3063 505 3128 huius
528 3064 694 3129 eminentia
715 3065 844 3145 praedit
862 3065 1068 3128 -honorum
1089 3064 1164 3129 haec
1184 3083 1298 3147 genera
1323 3067 1381 3129 aut

258 3167 336 3232 risui
357 3166 468 3230 habere
491 3167 517 3231 si
533 3168 654 3231 rideant
676 3168 731 3231 aut
755 3167 881 3250 indigne
907 3165 1024 3249 perpeti
1050 3167 1077 3231 si
1091 3166 1226 3230 motibus
1250 3184 1380 3248 exaspe-

233 3272 365 3341 2rentur
386 3272 511 3337 irarum.
546 3274 581 3337 nt
603 3271 685 3336 enim
707 3271 847 3351 noscatis,
872 3270 945 3352 quid
967 3272 1005 3335 de
1024 3270 1085 3336 isto
1110 3271 1233 3336 nomine
1258 3270 1380 3336 sentia-

259 3395 328 3440 mus
350 3374 519 3457 iudiciique
540 3375 636 3440 simus
659 3376 756 3453 euius,
779 3375 990 3440 existimamus
1011 3392 1065 3439 nos
1091 3393 1151 3454 eos,
1175 3373 1202 3438 si
1224 3373 1318 3438 modo
1334 3374 1380 3438 dii

260 3478 336 3542 certi
359 3480 445 3556 suut,
475 3480 511 3543 ut
533 3478 638 3544 eadem
668 3496 773 3542 rursus
804 3477 976 3560 satiateque
1006 3477 1163 3555 dicantur,
1195 3476 1408 3540 cunctarumro

260 3600 325 3646 esse
348 3580 456 3645 debere
481 3580 744 3664 perfectarumque
769 3581 933 3658 uirtutum,
957 3581 1110 3662 sapientes
1133 3579 1230 3644 iustos
1255 3597 1377 3663 graues,

260 3684 286 3749 si
307 3684 397 3748 modo
419 3683 505 3749 nulla
527 3685 574 3748 ost
596 3686 695 3766 culpa,
718 3683 798 3766 quod
821 3702 872 3750 eos
894 3683 1036 3749 laudibus
1059 3683 1296 3748 adcumulamus
1320 3683 1378 3747 hu-

260 3787 376 3862 manis,
410 3785 567 3851 intestinis
600 3787 751 3869 pollentes
783 3787 885 3866 bouis,
920 3805 974 3852 nee
1002 3787 1150 3852 extraneis
1180 3786 1380 3852 adminiculis

260 3889 377 3954 adicere
403 3908 462 3972 quo
492 3889 557 3954 illis
585 3889 749 3974 integritas
771 3889 938 3955 inoffensae
960 3889 1163 3954 beatitudinis
1185 3888 1377 3972 conpleatur,

294 4075 445 4130 3insanias
464 4077 516 4131 Urs
599 4077 719 4131 4seriae
732 4077 868 4132 Pcorrc
954 4076 1109 4144 laffingcrc
1127 4076 1178 4130 Urs
1265 4077 1301 4130 12
1313 4093 1380 4131 cces-

261 4163 387 4215 samusP
476 4164 510 4217 15
527 4162 587 4216 deos
601 4163 656 4217 Sub
742 4161 959 4232 saussignac?
1040 4163 1075 4215 20
1092 4163 1240 4230 sociataque
1253 4161 1312 4216 Sub

260 4248 294 4301 22
312 4247 575 4303 adculamusPcerr
665 4248 699 4302 23
715 4264 818 4302 necse.
835 4290 840 4302 .
856 4248 995 4302 .addiccre
1009 4247 1173 4302 Stewccte'us
1264 4263 1292 4302 se
1305 4249 1380 4304 addi·

261 4349 317 4388 cere
329 4335 403 4387 Sclm
476 4334 510 4388 24
522 4334 623 4388 adicere
639 4334 791 4389 Vaticano:
808 4335 927 4389 addicere
939 4335 966 4389 P
982 4334 1104 4402 indigere
1120 4334 1169 4389 oei
1243 4351 1298 4404 qno
1317 4336 1380 4391 Urs:

260 4419 329 4488 quod
346 4420 374 4473 P
