2950 5006
607 500 704 555 aroer
725 501 761 556 11.
1195 503 1234 568 61

127 674 246 740 ratione
261 693 297 740 ex
311 675 429 764 ossibus
443 673 572 740 fundata
587 676 659 741 sunt
673 691 797 757 corpora
811 675 842 739 et
856 692 1018 740 nemorum
1033 673 1237 757 conligatione

130 777 281 846 deuincta.
313 795 401 842 auras
423 777 577 859 accipiunt
598 777 723 842 naribus
743 777 773 842 et
787 795 840 858 per
854 777 1024 844 anhelitum
1039 777 1237 863 reciprocatas

130 881 276 946 reddunt:
305 883 336 946 et
356 899 411 946 uos
437 881 582 962 spiritum
608 880 807 946 consimiliter
834 880 974 950 ducimus
1002 883 1033 944 et
1054 879 1237 962 respiramus
1278 913 1282 924 =

130 983 350 1049 commeatibus
383 983 505 1048 crebris.
543 982 698 1048 femininis
731 983 890 1065 generibus
919 981 1153 1064 masculinisque
1175 982 1238 1048 dis·
1337 972 1342 982 ’

108 1085 228 1151 etincta
255 1086 341 1152 sunt:
368 1085 373 1172 Ι
398 1085 432 1150 in
458 1085 589 1151 totidem
616 1085 648 1150 11
670 1103 724 1150 uos
746 1105 833 1152 sexus
856 1086 958 1152 nostro
980 1103 1085 1150 sumus
1106 1085 1144 1150 ab
1166 1101 1323 1153 auc-cool

129 1189 196 1270 tore
226 1188 360 1254 formati.
394 1190 490 1255 edunt
515 1207 569 1271 per
590 1189 692 1252 uteros
718 1187 799 1254 letus
822 1191 853 1252 ct
874 1187 1078 1271 corporalibus
1101 1187 1238 1252 conciliis

128 1291 299 1372 procreant:
333 1291 364 1354 et
390 1307 444 1360 nos
476 1307 634 1373 corporum
668 1290 931 1373 coniugationibus
963 1290 1116 1356 nascimur
1144 1291 1176 1355 11
1203 1309 1238 1354 ex

130 1394 210 1458 aluis
231 1393 388 1458 fundimur
410 1391 501 1474 atquo
522 1392 695 1458 emittimur
717 1394 860 1460 matrum.
890 1394 957 1458 oibo
980 1394 1189 1460 sustentantur
1208 1395 1238 1459 et

128 1497 205 1578 potu
228 1497 259 1560 ct
285 1495 450 1586 superfluas
477 1495 637 1562 foeditates
664 1496 858 1574 inferioribus
886 1500 1014 1582 egerunt
1042 1497 1237 1580 abiciuntque

94 1600 269 1682 reposticis:
293 1601 324 1665 et
346 1617 399 1664 nos
422 1599 490 1664 cibo
512 1601 718 1666 sustentamur
740 1601 772 1664 ot
792 1601 867 1682 potu
889 1601 920 1665 et
942 1603 1022 1682 quod
1044 1603 1154 1667 natura
1175 1600 1239 1666 iam

83 1709 88 1716 ’
129 1703 247 1785 respuit
272 1721 326 1786 per
340 1703 472 1789 eosdem
495 1703 678 1774 effundimus
700 1704 851 1770 tramites.
886 1722 959 1770 cura
984 1705 1048 1768 11111
1071 1704 1239 1770 11101111-

129 1805 187 1870 bus
215 1804 327 1870 famem
352 1793 511 1887 prohibere
539 1805 729 1871 mortiferam
757 1807 788 1871 et
808 1807 975 1872 necessario
1003 1807 1164 1890 inuigilare
1185 1827 1242 1891 pro

129 1908 231 1972 nictu:
260 1908 334 1990 quid
360 1893 446 1978 aliud
475 1927 529 1974 uos
551 1909 647 1974 tantis
675 1910 796 1993 agimus
816 1909 850 1974 in
872 1910 1119 1993 occupationibus
1146 1912 1237 1992 uitae,

128 2010 190 2076 nisi
211 2012 248 2076 ut
268 2029 304 2076 ea
325 2029 504 2094 quaeramus
526 2011 637 2094 quibus
658 2011 749 2076 lamis
769 2002 941 2094 periculum
963 2013 1117 2078 deuitetur
1138 2015 1168 2078 et
1189 2014 1239 2079 in·

92 2113 204 2180 infelix
234 2113 411 2180 sollicitudo
437 2116 589 2196 ponatur?
621 2117 741 2180 morbos
770 2114 826 2179 illa
848 2116 879 2180 et
905 2115 1023 2180 inediae
1049 2117 1186 2202 sentiunt
1208 2118 1240 2182 et

130 2216 171 2283 ad
198 2217 345 2282 ultimum
373 2217 529 2300 senectute
557 2216 733 2283 soluunlur:
767 2217 841 2300 quid
867 2217 972 2282 enim?
1004 2235 1058 2282 uos
1085 2220 1238 2286 immunes

129 2319 221 2386 malis
243 2321 281 2386 ab
302 2321 351 2386 bi'e
380 2339 485 2386 sumus
509 2321 540 2386 et
562 2338 622 2386 non
649 2322 753 2386 eadem
782 2321 899 2386 ratione
926 2309 1101 2386 morborum
1122 2325 1239 2388 incom-

129 2423 331 2488 moditatibus
352 2423 525 2508 frangimur
546 2426 577 2490 ot
599 2424 764 2490 senectutis
785 2423 971 2488 destruimur
994 2423 1087 2489 tabe?
1108 2426 1189 2507 quod
1211 2426 1239 2491 si

131 2526 163 2590 et
184 2526 263 2592 illud
284 2528 470 2620 cedrorum,
494 2527 574 2609 quod
595 2527 627 2592 in
648 2527 805 2610 mysteriis
827 2527 1038 2592 secretioribus
1061 2527 1183 2607 dicitur,
1205 2529 1239 2594 in

95 2630 261 2710 aopecudes
283 2629 374 2711 atque
396 2629 471 2694 alias
493 2629 599 2696 beluas
620 2630 665 2694 ire
686 2630 803 2695 animas
825 2631 1048 2714 improborum,
1077 2633 1237 2715 postquam

130 2733 203 2796 sunt
238 2732 380 2796 humanis
416 2732 591 2814 corporibus
626 2736 751 2810 exutae,
787 2733 979 2798 manifestius
1016 2735 1237 2815 comprobatur,

128 2833 248 2900 uicinos
274 2854 329 2899 nos
355 2853 419 2900 esse
445 2854 542 2917 neque
568 2835 741 2902 interuallis
768 2836 955 2919 longioribus
983 2837 1160 2919 disparatos.
1195 2837 1239 2902 si·

129 2937 254 3018 quidem
275 2957 324 3002 res
346 2938 451 3003 eadem
472 2938 559 3004 nobis
582 2939 699 3004 stillis
722 2939 866 3018 estune,
896 2958 949 3021 por
970 2957 1061 3021 quam
1084 2959 1149 3005 esse
1171 2940 1238 3005 aui·

128 3039 248 3106 mantia
269 3040 411 3106 dicuntur
433 3043 463 3106 et
483 3043 602 3108 motum
624 3042 741 3126 agitare
762 3043 901 3108 uitatem.
924 3040 976 3107 sed
998 3042 1163 3110 rationales
1184 3047 1287 3110 10117

92 3160 236 3223 assumus
259 3144 289 3207 et
316 3143 527 3228 intellegentia
553 3145 706 3210 uincimus
734 3163 830 3228 genus
859 3162 948 3209 omne
975 3146 1142 3211 mutorum.
1176 3163 1240 3210 cre·

129 3246 233 3312 darem
255 3246 340 3311 istud
361 3247 522 3313 uerissime
543 3247 619 3326 dici,
649 3249 676 3313 si
698 3267 768 3313 oum
789 3248 907 3313 ratione
929 3248 961 3312 11
982 3248 1108 3314 oonsilio
1137 3247 1239 3314 cuncti

128 3350 267 3415 homines
288 3351 437 3428 uiuerent,
461 3353 617 3416 seruarent
638 3350 809 3416 officiomm
823 3353 968 3428 tenorem,
990 3349 1177 3416 abstinerent
1199 3350 1237 3416 ab

129 3451 361 3532 inlicitissese,
387 3452 391 3538 Ι
416 3453 539 3538 negotia
560 3455 662 3537 turpia
690 3471 751 3518 non
782 3453 916 3530 adirent,
949 3473 1046 3535 neque
1076 3454 1307 3536 quisquamsao

129 3555 281 3638 pronitate
303 3556 423 3622 consilii
445 3557 535 3639 atque
557 3557 747 3640 ignorabtiae
769 3557 915 3634 caecitate
937 3555 1091 3622 contraria
1112 3557 1237 3622 sibimet

91 3687 121 3728 ao
130 3658 223 3740 atque
243 3658 370 3724 inimica
391 3659 572 3743 deposceret.
595 3660 709 3725 uellem
723 3660 827 3724 tamen
841 3658 928 3732 scire,
943 3677 1093 3741 quaenam
1109 3659 1150 3723 sit
1164 3659 1238 3724 haec

164 3912 289 3982 31111111
301 3913 356 3968 Sub
449 3912 584 3984 4crebris]
598 3913 769 3983 reciprocis?
863 3913 970 3967 bsexus
984 3913 1052 3968 Sub:
1071 3903 1171 3970 sequ

128 3999 147 4054 6
164 3999 283 4054 conciliis
297 3999 372 4064 ,Sabe
398 3999 516 4054 consiliis
533 3998 561 4052 P
683 3999 786 4054 Saluis
804 3998 872 4054 Sco:
890 3998 973 4053 alueis
990 3999 1018 4052 P
1137 3998 1238 4054 emitti·

127 4101 198 4138 mur.
214 4087 331 4138 matrum
348 4083 406 4140 cibo
424 4087 602 4139 sustentamur
618 4087 646 4138 et
662 4086 736 4153 potu.
755 4087 782 4139 ct
803 4084 858 4140 Sub
995 4084 1027 4138 15
1044 4083 1094 4138 illa
1111 4083 1179 4139 Sub.-
1204 4085 1238 4138 il-

127 4171 170 4226 las
187 4170 215 4224 P
320 4169 436 4224 inaedias
454 4171 481 4224 P
593 4170 626 4226 18
643 4170 704 4224 tabe
722 4170 792 4225 Sub:
818 4170 898 4224 tubae
917 4170 941 4224 P
1051 4169 1086 4223 20
1102 4170 1193 4224 ualuas
1212 4170 1239 4223 P

128 4271 193 4312 corr
293 4255 327 4315 21
344 4259 435 4310 111111
450 4256 512 4310 Gal:
530 4259 649 4325 sumptas
666 4257 694 4310 P
710 4257 810 4309 ‘exutae
827 4255 872 4309 ael
889 4255 1025 4309 submotae
1041 4255 1086 4309 scel
1104 4255 1238 4324 (humanis

127 4341 216 4408 rebus)
235 4343 373 4409 exemptae’
390 4343 442 4397 Ure
526 4342 560 4395 24
577 4341 702 4396 dicuutur
713 4342 823 4410 sarpa:
841 4341 938 4396 dicitur
949 4341 977 4394 P
991 4341 1102 4395 dicimur
1118 4342 1171 4396 Urs

127 4428 164 4482 28
181 4443 236 4482 sese
255 4427 343 4482 Salsa:
360 4443 415 4481 esse
432 4428 459 4482 P
476 4431 504 4481 11
520 4428 544 4482 11
561 4427 615 4482 Sat
716 4428 749 4482 29
766 4428 900 4496 prauitate
920 4427 983 4482 Get:
1005 4427 1138 4496 paruitate
1155 4427 1184 4481 P
