2950 5006
241 500 264 563 4
546 496 690 551 Arnobii
712 495 875 550 aduersus
898 493 1054 548 nationes

243 669 334 734 antur
355 668 493 734 criminis
514 667 605 732 istius
627 668 681 746 rei,
705 666 758 749 qui
780 685 817 730 se
826 665 989 730 numinum
1010 661 1192 745 profitentur
1213 679 1278 726 esse
1293 661 1364 725 cul·

243 773 324 838 tores
346 773 437 854 atque
458 771 637 837 inueteratis
658 769 858 854 religionibus
881 767 1007 832 deditos.
1036 786 1072 832 ao
1093 766 1229 851 primum
1250 765 1287 829 ab
1309 763 1361 828 bis

243 875 323 940 illud
344 874 491 941 familiari
513 876 544 939 et
566 873 687 958 placida
708 873 843 938 oratione
865 871 1087 955 perquirimus:
1109 870 1272 951 postquam
1295 885 1361 933 esse

175 993 235 1047 ao
249 996 359 1043 nomen
395 977 428 1043 in
463 978 553 1044 terris
589 977 779 1044 Christianae
815 977 971 1060 religionis
1003 971 1008 1059 1
1041 972 1175 1057 occepit,
1212 970 1362 1053 quidnam

241 1080 443 1161 inusitatum,
477 1081 551 1162 quid
573 1081 780 1166 incognitum,
815 1079 888 1162 quid
917 1079 1023 1144 contra
1044 1076 1127 1160 leges
1148 1074 1361 1162 principaliter
1384 1093 1405 1132 ⁵

241 1184 401 1248 institutas
431 1186 486 1249 aut
507 1184 604 1250 sensit
633 1185 688 1249 aut
715 1201 806 1266 passa
834 1184 881 1248 est
910 1200 1011 1247 rerum
1044 1181 1111 1262 ipsa
1140 1197 1216 1261 quae
1244 1177 1361 1244 dieitur

241 1287 473 1370 appellaturque
494 1287 631 1352 naturai
654 1285 805 1368 numquid
825 1285 859 1352 in
881 1284 1050 1350 contrarias
1072 1283 1236 1366 qualitates
1257 1282 1361 1365 prima

240 1389 298 1454 illa
319 1390 470 1455 elementa
493 1390 614 1455 mnata
636 1391 717 1466 sunt,
740 1407 775 1454 ex
797 1388 909 1471 quibus
930 1405 978 1453 res
994 1405 1098 1451 omnes
1114 1392 1296 1452 consensum
1310 1386 1361 1449 est

242 1509 307 1556 esse
322 1493 500 1557 concretas?
529 1493 678 1574 numquid
707 1493 866 1557 machinae
894 1490 987 1556 huius
1009 1490 1040 1555 et
1060 1489 1168 1568 molis,
1199 1507 1259 1572 qua
1288 1487 1361 1552 uni-

240 1593 321 1658 uersi
342 1595 477 1678 tegimur
499 1596 530 1661 et
552 1585 742 1662 continemur
763 1594 885 1674 inclusi,
915 1597 1002 1678 parte
1031 1594 1078 1658 est
1100 1593 1133 1656 in
1155 1593 1258 1674 aliqua
1279 1592 1405 1656 nola-10

242 1697 319 1762 xata
341 1701 395 1764 aut
416 1699 566 1764 dissoluta
587 1699 794 1764 constmctio?
824 1697 974 1780 numquid
1004 1696 1122 1780 uertigo
1150 1695 1225 1760 baec
1250 1695 1361 1760 mundi

241 1799 420 1884 primigenii
442 1803 544 1868 motus
566 1806 759 1869 moderamen
785 1803 930 1867 excedens
960 1803 1015 1866 aut
1036 1799 1155 1865 tardius
1178 1817 1281 1882 repere
1302 1800 1360 1864 aut

241 1904 400 1986 praecipiti
433 1906 533 1989 coepit
566 1905 761 1972 uolubilitate
790 1907 931 1988 raptari?
967 1903 1117 1986 numquid
1151 1903 1190 1969 ab
1224 1901 1360 1967 occiduis

241 2007 381 2088 partibus
403 2008 545 2074 attollere
567 2027 599 2074 se
620 2011 703 2074 astra
725 2009 815 2090 atque
836 2009 869 2072 in
891 2008 975 2072 ortus
990 2007 1057 2072 fieri
1079 2007 1235 2091 signorum
1250 2005 1359 2087 coepta

241 2111 289 2174 est
310 2109 494 2176 inclinatio?
515 2112 663 2193 numquid
685 2111 751 2195 ipse
771 2110 906 2176 siderum
922 2113 967 2177 sol
981 2110 1130 2193 princeps,
1153 2108 1239 2174 ouius
1254 2107 1361 2172 omnia
1370 2131 1402 2168 15

240 2215 308 2279 luce
337 2214 511 2279 uestiuntur
537 2216 628 2297 atque
651 2215 828 2280 animantur
850 2213 965 2293 calore,
997 2214 1110 2278 exarsit
1141 2213 1195 2277 aut
1222 2211 1360 2293 intepuit

240 2317 331 2398 atque
353 2318 385 2381 in
408 2318 574 2383 contrarios
601 2317 726 2383 habitus
755 2317 971 2383 moderaminis
1001 2317 1086 2382 soliti
1115 2315 1360 2398 temperamenta

240 2419 395 2502 corrupit?
417 2420 567 2502 numquid
589 2420 661 2485 luna
683 2421 798 2486 desiuit
825 2421 1032 2504 redintegrare
1055 2420 1201 2502 seipsam
1217 2419 1308 2500 atque
1322 2418 1359 2482 in

239 2523 357 2587 ueteres
380 2522 492 2588 formas
514 2522 705 2588 nouellarum
721 2541 839 2604 semper
854 2523 1048 2596 restitutione
1064 2522 1244 2587 traducere?
1265 2539 1359 2587 num-

240 2624 313 2705 quid
335 2623 464 2710 frigora,
494 2625 644 2707 numquid
674 2625 805 2705 calores,
836 2621 986 2708 numquid
1014 2626 1131 2708 tepores
1153 2624 1249 2689 medii
1270 2625 1404 2689 inae-co

240 2726 376 2808 qualium
398 2729 571 2810 temporum
593 2727 819 2793 confusionibus
849 2729 1045 2794 occiderunt?
1077 2728 1227 2809 numquid
1249 2727 1358 2810 longos

238 2829 349 2896 habere
382 2830 445 2895 dies
478 2831 589 2896 bmma
611 2833 643 2896 et
665 2850 805 2896 reuocare
834 2832 1028 2897 tardissimas
1061 2830 1144 2896 luces
1171 2849 1229 2895 nox
1257 2831 1360 2912 eoepit

239 2934 388 3000 aestatis?
410 2933 559 3016 numquid
575 2951 645 2999 suas
668 2933 785 2999 animas
807 2935 1022 3018 expirauerunt
1042 2933 1128 2998 uenti
1150 2933 1360 3014 emortuisque

237 3036 413 3102 flaminibus
436 3056 532 3119 neque
561 3037 680 3101 caelum
708 3037 863 3102 coactatur
884 3037 916 3101 iu
937 3036 1045 3101 nubila
1072 3055 1127 3100 neo
1148 3035 1299 3101 madidari
1320 3054 1360 3100 ex

238 3139 389 3204 imbribus
413 3143 520 3221 cruat
536 3139 724 3206 succedunt?
747 3141 959 3206 commendata
981 3140 1098 3206 semina
1119 3140 1212 3205 tellus
1235 3140 1359 3205 recusat
1369 3164 1403 3204 aa

238 3243 372 3324 accipere
394 3244 448 3308 aut
470 3243 660 3310 frondescere
683 3244 804 3310 arbores
827 3245 961 3311 nolunt?
989 3261 1078 3326 sapor
1105 3243 1245 3326 frugibus
1268 3261 1358 3307 escu-

237 3345 331 3410 lentis
354 3345 384 3408 et
406 3345 480 3410 uitis
502 3345 672 3428 liquoribus
689 3347 827 3412 mutatus
842 3350 910 3412 est?
933 3347 1071 3411 olearum
1087 3366 1122 3412 ex
1135 3345 1254 3411 baculis
1269 3363 1360 3410 cruor

238 3449 335 3513 taeter
368 3449 548 3533 exprimitur
581 3470 636 3516 nec
669 3451 782 3515 lumini
805 3450 1059 3516 subministratur
1093 3450 1250 3516 extincto?
1288 3450 1358 3515 aui-

271 3737 443 3792 luuminum
461 3737 524 3804 Sub,
542 3755 573 3791 r:
606 3705 789 3792 nominumP
894 3737 1072 3790 daelemonta
1090 3737 1131 3806 (ta
1149 3753 1183 3791 aa
1201 3739 1242 3805 tu)
1259 3738 1287 3790 P

236 3825 351 3879 9moles
369 3826 397 3878 P
420 3840 481 3879 corr
600 3824 634 3878 14
651 3825 680 3877 in
699 3825 782 3894 ortus]
806 3827 894 3877 motus
918 3823 974 3878 Sub
998 3842 1059 3880 corr
1076 3827 1108 3880 ia
1126 3841 1170 3880 err
1291 3822 1359 3876 ferri

241 3909 292 3964 Ura
393 3910 425 3965 16
443 3910 597 3963 animentur
614 3910 708 3976 calore,
726 3910 823 3963 exarsit
841 3909 983 3965 Mearsc'cs
1001 3911 1160 3976 animantur,
1180 3911 1265 3964 calore
1282 3925 1357 3964 exar-

166 4045 170 4054 ,
235 3997 271 4048 sit
284 3995 339 4050 Sub
417 3996 503 4049 calore
516 3994 621 4064 Saba:
641 3995 773 4048 calorP'
828 3997 876 4048 aut
893 3995 958 4049 cdd.
971 3997 1154 4052 Hacmcaaas
1231 3995 1263 4049 17
1281 3995 1359 4050 soliti

236 4080 305 4135 Sabe
315 4081 401 4136 solitis
410 4082 437 4135 P
500 4080 535 4133 20
547 4082 678 4148 tempores
687 4081 714 4134 P
723 4094 784 4134 coar
852 4079 886 4133 24
899 4083 1033 4135 coactatur
1047 4083 1113 4136 Get:
1127 4085 1264 4136 coartatur
1273 4083 1301 4135 P

234 4165 371 4220 madidata
397 4165 529 4220 imbribus
560 4165 608 4219 ceo
642 4164 779 4218 madidata
806 4181 836 4218 ex
862 4165 993 4219 imbribus
1024 4167 1161 4223 Ooateras
1191 4167 1358 4222 madidarier

237 4251 368 4306 imbribus
390 4252 504 4308 Grotius
544 4251 645 4305 madori
669 4267 699 4304 er
720 4251 850 4306 imbribus
870 4253 945 4307 Sulca
1070 4254 1104 4308 25
1128 4257 1280 4309 suecescunt
1300 4253 1354 4309 ceo

237 4338 354 4391 succedit
375 4340 471 4393 Carrio
564 4335 666 4392 rasusat
685 4338 712 4391 P
729 4352 790 4392 corr
895 4337 929 4391 27
948 4339 1071 4408 stultis]
1093 4341 1193 4394 exustis
1213 4341 1267 4395 Sub

236 4422 384 4477 281umini
403 4423 466 4491 Sub,
484 4441 519 4479 r:
536 4423 647 4478 luminis
666 4423 693 4478 P
