2888 5008
560 469 658 525 Liber
678 469 723 524 VI.
839 481 841 484 ·
1133 473 1196 540 233

80 661 151 710 esse
171 643 361 726 praesentem
384 634 415 707 ot
437 641 575 707 custodia
596 643 746 726 pertinaci
768 661 838 708 suas
860 645 948 710 aedes
975 645 1197 728 simulacraque

80 747 203 812 tutari?
235 746 297 811 nisi
310 743 395 810 'forts
417 745 580 828 neclegens
594 745 665 811 deos
682 745 788 811 dicetis
803 746 877 812 haec
892 747 1003 812 damna
1018 767 1073 814 nec
1086 748 1195 831 putare
1206 751 1244 813 22

80 867 151 916 esse
172 849 312 914 idoneam
341 866 474 927 oausam,
502 850 625 930 proptor
651 867 743 930 quarn
766 868 798 914 se
820 851 944 915 exerant
965 852 996 916 et
1017 851 1196 918 nocentibus

79 970 215 1034 poenam
237 950 370 1016 uiolatae
391 950 547 1034 religionis
568 951 719 1035 infligant.
753 968 824 1036 ergo
846 953 873 1018 si
888 953 962 1018 haec
976 954 1022 1020 ita
1037 956 1120 1034 sunt,
1142 973 1197 1019 nec

56 1055 250 1121 ssimulacra
280 1053 341 1136 ipsi
373 1052 484 1118 babere
517 1053 703 1134 desiderant,
730 1052 735 1139 Ι
765 1073 842 1138 quae
875 1057 1006 1121 conuelli
1042 1058 1073 1123 et
1103 1057 1197 1141 diripi
1205 1074 1223 1124 f.
1235 1074 1283 1125 rea

79 1157 298 1241 perpetiuntur
318 1157 444 1239 inpune,
473 1156 568 1221 immo
590 1177 607 1222 e
629 1157 779 1223 contrario
806 1160 969 1244 perdocent
989 1160 1141 1242 aspernari
1163 1177 1196 1226 se

79 1264 151 1344 illa,
166 1262 323 1344 inquibus
340 1260 455 1343 spretos
471 1278 503 1324 se
517 1259 636 1325 ultione
650 1259 684 1324 in
699 1261 803 1342 aliqua
818 1261 989 1345 significare
1003 1279 1063 1327 non
1076 1263 1194 1328 curant.

79 1363 344 1447 Philostephanus
365 1363 398 1427 in
420 1362 574 1446 Cypriacis
602 1363 708 1428 auctor
737 1365 800 1445 est,
830 1365 1064 1449 Pygmalionem
1082 1384 1196 1450 ¹regem

81 1467 179 1552 (typri
208 1465 407 1532 simulacrum
429 1465 571 1547 Veneris,
602 1469 682 1548 quod
711 1467 886 1533 sanctitatis
915 1468 997 1550 apud
1019 1468 1144 1553 Cyprios
1166 1469 1198 1533 et

43 1571 242 1654 rereligionis
269 1568 439 1634 hebebatur
467 1569 627 1650 antiquas,
662 1569 820 1635 adamasse
853 1571 888 1634 ut
915 1571 1062 1636 feminam
1096 1572 1197 1636 mento

81 1675 188 1740 anima
202 1673 320 1737 lumine
331 1671 458 1737 rationis
469 1671 640 1754 iudicioque
653 1673 782 1738 caecatis
795 1658 991 1757 'solitumque
1012 1676 1196 1755 elementem,

80 1779 241 1859 tamquam
271 1777 298 1842 si
324 1775 430 1840 uxoria
456 1781 514 1840 res
533 1775 627 1856 esset,
656 1776 816 1842 subleuato
838 1777 872 1842 in
894 1778 1043 1844 lectulum
1070 1778 1197 1844 numina

82 1879 253 1962 copularier
280 1878 470 1963 amplexibus
501 1880 592 1960 atque
620 1897 669 1944 ore
698 1897 805 1961 resque
833 1880 909 1946 alias
939 1899 1028 1965 agere
1056 1881 1197 1946 libidinis

81 2001 199 2049 uacuae
220 1982 439 2067 imaginatione
461 1981 667 2047 frustrabiles.
699 1983 852 2048 consimili
873 1985 992 2050 ratione
1014 1984 1197 2068 Posidippus

45 2087 117 2153 rein
138 2105 174 2151 eo
195 2086 283 2165 libro,
308 2104 399 2167 quem
421 2085 570 2167 seriptum
591 2103 681 2168 super
697 2084 796 2150 Gnido
811 2085 929 2152 indicat
944 2105 1092 2170 superque
1106 2087 1197 2152 rebus

82 2188 161 2269 sius,
185 2188 410 2254 adulescentem
432 2187 513 2252 haud
534 2187 703 2271 ignobilem
726 2189 875 2253 memorat
890 2227 932 2236 —
946 2190 999 2254 sed
1013 2190 1198 2255 uocabulum

82 2292 150 2358 eius
173 2291 313 2356 obscurat
334 2327 374 2342 -
398 2295 571 2374 correptum
600 2291 753 2377 amoribus
776 2291 918 2369 Veneris,
952 2293 1077 2376 propter
1105 2311 1198 2374 quam

82 2393 205 2462 Gnidus
227 2393 260 2458 in
281 2395 403 2459 nomine
424 2394 486 2474 est,
509 2394 673 2459 amatorias
696 2395 727 2458 et
747 2395 850 2476 ipsum
871 2395 1030 2460 miscuisse
1051 2395 1197 2461 lasciuiae

82 2514 157 2564 cum
184 2497 320 2562 eiusdem
345 2495 481 2562 numinis
510 2496 596 2580 signo
624 2496 797 2580 genialibus
825 2515 916 2562 usum
937 2497 1013 2563 toris
1035 2499 1066 2563 et
1087 2499 1198 2582 uolup-

47 2601 188 2666 aotatum
210 2600 457 2683 consequentium
479 2599 602 2665 finibus.
636 2601 672 2663 ut
694 2599 837 2664 similiter
859 2620 981 2666 rursum
1001 2601 1196 2686 interrogem,

83 2705 113 2770 si
135 2704 169 2768 in
190 2722 260 2768 aere
281 2704 373 2786 atquo
393 2704 427 2768 in
447 2702 586 2767 materiis
604 2703 712 2768 ceteris
734 2703 845 2786 quibus
867 2705 954 2788 signa
974 2703 1105 2770 formata
1126 2704 1198 2768 sunt

83 2825 265 2892 superorum
285 2807 439 2888 potentiae
461 2806 655 2870 delitiscunt:
684 2805 811 2872 ubinam
833 2807 973 2891 gentium
994 2806 1116 2874 fuerant
1136 2823 1199 2871 una

82 2913 178 2994 atque
214 2910 310 2976 altera
343 2909 489 2988 Veneres,
528 2911 564 2974 ut
599 2908 775 2991 inpudicam
809 2910 1013 2992 petulantiam
1048 2910 1196 2978 iuuenum

83 3013 300 3098 propulsarent
321 3013 359 3078 ab
381 3013 523 3096 solonge
545 3013 576 3077 et
598 3011 755 3076 contactus
777 3012 887 3095 impios
910 3011 1067 3078 cruciabili
1085 3012 1197 3078 coerci-

49 3141 74 3182 a
84 3118 171 3183 tione
182 3117 352 3201 punirent?
374 3117 428 3180 aut
450 3115 593 3198 quoniam
613 3114 704 3202 mites
727 3116 758 3179 et
780 3114 911 3198 ingeniis
933 3115 1197 3198 tranquillioribus

85 3221 163 3286 deas
192 3220 278 3299 sunt,
306 3219 455 3301 quantum
482 3218 596 3296 fuerat,
625 3217 744 3282 miseris
773 3216 895 3283 furialia
917 3218 953 3282 ut
974 3218 1196 3304 restinguerent

86 3322 201 3408 gaudia
233 3322 428 3404 mentemque
457 3321 491 3385 in
520 3339 625 3386 sanam
656 3319 799 3386 recreatis
826 3319 1006 3386 reducerent
1037 3322 1199 3388 sensibus?

188 3527 205 3582 8
223 3542 280 3597 sqq.
297 3526 316 3581 l.
334 3541 356 3580 c.
373 3525 399 3594 4,
417 3525 449 3580 51
929 3563 937 3578 .
1258 3526 1269 3558 ¹

122 3716 297 3788 lpertinacis
315 3716 343 3770 P
358 3725 420 3770 corr
547 3714 639 3768 edesr
659 3712 733 3767 sedes
751 3712 806 3768 Sub
931 3713 1071 3767 traxerant
1089 3712 1151 3778 Sub,
1170 3728 1200 3767 r.-

87 3805 221 3860 exaserant
239 3803 266 3857 P
356 3801 442 3870 bipsi
459 3801 590 3856 Ziubios:
607 3800 666 3869 ipsa
683 3800 710 3854 P
796 3798 909 3853 conuelli
927 3801 953 3852 et
970 3798 998 3853 P
1082 3798 1201 3854 essm

86 3891 120 3946 iro
137 3905 198 3944 err.-
215 3890 242 3943 et
259 3888 287 3942 P
396 3888 456 3941 lea
473 3885 529 3941 adol
551 3886 602 3940 Uro
711 3883 909 3938 8filosteianue
927 3884 955 3938 P
1061 3885 1159 3953 9aput
1177 3884 1205 3939 P

88 3993 152 4033 corr
254 3974 286 4028 11
298 3973 385 4028 animo
403 3973 454 4028 Uro
555 3971 667 4026 rationis
680 3970 750 4026 Sub.-
767 3970 894 4024 rationibr
912 3970 940 4024 P
1037 3969 1201 4038 iudicioquae

91 4064 119 4119 P
135 4077 198 4117 corr
294 4059 437 4128 iudiciique
454 4058 509 4114 Sub
601 4057 713 4111 caecatis
731 4055 799 4111 Sol:
817 4055 951 4110 caecitatis
968 4055 995 4109 P
1084 4054 1201 4109 141111-

15 4203 17 4210 ,
89 4147 199 4204 trabiles
220 4145 284 4201 Gal:
309 4143 461 4199 frustabiles
478 4144 505 4198 P
616 4141 775 4212 Posidippus
794 4141 856 4207 Gal,
873 4157 903 4194 r.-
924 4139 1090 4209 possidippus
1108 4140 1136 4194 P

89 4235 124 4290 15
140 4234 203 4288 nido
221 4232 247 4286 P
264 4245 357 4287 corre
456 4230 532 4284 rebus
548 4227 611 4283 oo:
628 4244 656 4282 ro
673 4226 778 4282 abseP
794 4243 821 4280 re
839 4241 854 4279 a
872 4241 899 4278 ss
917 4224 972 4280 Sub
1074 4225 1106 4280 19
1120 4243 1201 4284 ,usum

89 4321 245 4376 Macrales:
273 4317 363 4373 fusum
385 4318 413 4373 P
546 4315 578 4369 ab
602 4314 631 4368 in
652 4329 743 4368 senem
760 4313 894 4368 Hostius.-
918 4311 1038 4365 insanam
1054 4312 1135 4383 uuolpo

89 4407 261 4462 redduocront
279 4404 306 4459 P
532 4409 535 4415 ⁴
