2888 5008
485 471 487 488 ¹
536 539 537 546 ἵ
580 475 679 530 Μυοι
703 476 733 529 v.
942 549 944 556 Ι
1154 479 1214 543 189

99 666 207 714 nomen
220 651 354 717 castus?
382 641 480 712 noune
502 647 587 714 illius
609 647 755 731 temporis
776 647 912 713 imitatio
939 650 986 713 est
1012 667 1072 731 quo
1101 668 1133 716 se
1155 669 1214 713 nu-

99 771 170 816 men
194 752 232 816 ab
255 751 373 818 Cereris
397 751 485 836 fruge
507 751 655 816 uiolentia
677 752 822 817 maeroris
845 753 1020 818 abstinuit?
1053 754 1111 818 aut
1130 755 1156 819 si
1179 773 1214 818 ea
1227 751 1262 814 ll

100 873 176 936 quae
197 855 330 920 dicimus
353 872 412 918 non
435 858 506 920 sunt
528 855 583 932 ita,
606 874 660 921 uos
683 856 871 936 edissertate,
896 873 949 922 uos
971 857 1080 922 dicite:
1104 859 1214 922 euirati
1262 893 1265 900 ·

101 958 154 1021 isti
176 959 354 1040 mollesque,
379 977 453 1040 quos
475 959 623 1023 interesse
644 959 804 1024 uobiscum
822 961 854 1024 in
870 960 961 1024 istius
976 961 1111 1026 numinis
1128 961 1214 1027 uide·

75 1079 169 1125 smus
191 1062 302 1140 sacris,
320 1062 466 1143 quidnam
482 1063 553 1127 istic
578 1063 710 1152 babeant
735 1064 852 1148 negotii
874 1063 1092 1129 sollicitudinis
1115 1083 1212 1142 curae,

101 1167 132 1227 et
153 1183 206 1228 our
228 1183 311 1229 more
342 1165 518 1248 lugentium
546 1167 674 1231 caedant
701 1185 771 1230 cum
800 1166 973 1249 pectoribus
996 1166 1125 1232 lacertos
1152 1167 1156 1252 Ι
1183 1169 1301 1232 eteros

100 1268 254 1346 fortunam
277 1268 439 1332 imitentur
461 1269 511 1340 in,
524 1269 718 1333 lamentabili
742 1269 979 1334 constitutorum
1002 1271 1105 1335 sorte?
1141 1269 1214 1350 quid

100 1388 238 1448 coronae,
272 1371 346 1452 qnid
378 1371 494 1450 uiolae,
532 1371 606 1453 quid
638 1372 762 1436 uoluere
794 1373 937 1436 mollium
969 1374 1146 1437 uelamenta
1167 1372 1215 1437 la-

100 1477 229 1538 narum?
265 1493 319 1538 cur
351 1474 391 1538 ad
424 1474 572 1538 ultimum
603 1475 693 1555 pinus
727 1475 794 1556 ipsa
826 1475 917 1556 paulo
950 1476 1021 1540 ante
1052 1477 1085 1539 in
1112 1477 1213 1541 dumis
1322 1557 1326 1566 s

62 1605 90 1643 ld
100 1578 323 1642 inertissimum
352 1578 463 1653 nutans
491 1577 612 1661 lignum
644 1596 714 1641 mor
742 1580 777 1642 ut
806 1579 928 1660 aliquod
956 1597 1095 1659 praesens
1124 1580 1215 1660 atque

100 1680 356 1763 augustissimum
384 1700 497 1745 numen
526 1681 616 1746 deum
643 1683 753 1746 matris
781 1683 986 1750 constituatur
1013 1682 1216 1747 insedibus?

101 1785 155 1848 aut
176 1783 259 1850 enirn
281 1784 356 1848 haec
379 1802 471 1848 causa
494 1787 549 1862 est,
572 1803 664 1865 quarn
687 1785 719 1848 in
742 1786 853 1850 uestris
876 1787 999 1868 scriptis
1016 1786 1046 1850 et
1062 1804 1215 1851 commen-

99 1887 187 1951 tariis
208 1887 394 1964 inuenimus,
420 1889 451 1951 et
472 1888 673 1951 manifestum
696 1905 750 1951 uos
773 1889 902 1952 estnon
925 1889 1047 1954 diuinas
1071 1889 1215 1954 conficere

101 1990 300 2054 caerimonias
323 1990 376 2055 sed
397 1990 563 2072 imaginem
584 1990 723 2055 tristium
737 1993 945 2074 redintegrare
961 1993 1138 2076 gestorum3
1162 1992 1216 2056 aut

63 2125 87 2162 a
100 2093 127 2156 si
150 2094 212 2158 alia
232 2095 312 2158 ratio
334 2094 390 2171 est,
415 2112 507 2175 quam
531 2095 670 2176 mysterii
692 2095 779 2158 nobis
802 2095 967 2178 abnegauit
983 2095 1161 2171 obscuritas,
1185 2099 1215 2158 et

99 2197 168 2279 ipsa
195 2216 314 2279 quoque
341 2216 463 2261 neeesse
491 2197 537 2260 est
559 2198 761 2278 turpitudinis
789 2197 918 2261 alicuius
942 2198 1145 2280 participetur
1167 2197 1215 2261 in·

99 2299 205 2364 famia.
240 2301 309 2381 quis
332 2302 379 2363 est
402 2300 484 2364 eninr
506 2301 558 2382 qui
581 2300 698 2378 credat,
731 2300 901 2365 honestatis
929 2301 1047 2382 aliquid
1068 2301 1102 2364 in
1125 2319 1160 2364 ea
1182 2318 1214 2363 re

99 2421 164 2467 esse
203 2423 295 2484 quam
323 2403 428 2466 ineant
455 2403 533 2467 uiles
557 2401 656 2479 Galli,
691 2403 858 2468 effeminati
887 2399 1050 2468 conficiant
1083 2403 1214 2468 exoleti?

97 2507 236 2589 postulat
259 2507 382 2588 quidem
404 2507 586 2589 magnitudo
611 2508 757 2571 materiae
787 2508 878 2589 atquo
905 2508 1003 2590 ipsius
1031 2506 1214 2570 defensionis
1228 2504 1265 2565 18

61 2635 88 2674 20
98 2609 245 2687 officium,
270 2613 306 2674 ut
321 2611 466 2674 similiter
481 2613 596 2674 ceteras
612 2611 842 2693 turpitudinum
857 2612 972 2694 species
987 2595 1211 2693 persequamur,

98 2713 151 2777 uel
173 2727 247 2795 quae
270 2714 403 2795 produnt
425 2713 622 2795 antiquitatis
644 2715 789 2778 historiae
811 2715 862 2778 uel
884 2715 1031 2796 mysteria
1044 2713 1101 2777 illa
1116 2711 1213 2774 conti-

97 2817 173 2880 nent
201 2806 306 2881 sanct'a
334 2818 444 2898 quibus
472 2818 572 2881 initiis
606 2836 715 2881 nomen
748 2820 795 2882 est
823 2820 854 2882 et
877 2837 954 2899 quae
981 2833 1040 2881 non
1072 2802 1213 2880 omnibns

98 2919 194 3002 uulgo
227 2921 279 2984 sed
311 2938 477 3003 paucorum
512 2921 776 2986 taciturnitatibus
804 2921 936 2984 traditis.
976 2920 1028 2984 sed
1061 2937 1214 2983 sacrorum

97 3022 251 3085 innumeri
267 3022 346 3086 ritus
361 3024 452 3104 atque
465 3023 563 3088 adfixa
574 3023 752 3088 deformitas
764 3023 893 3105 singulis
904 3026 925 3104 †
938 3022 1134 3105 corporaliter
1146 3039 1212 3104 pro-

61 3124 190 3189 ashibet·
210 3125 354 3190 uniuersa
376 3130 431 3189 nos
454 3127 589 3207 exsequi:
614 3126 793 3206 quinimmo,
816 3129 852 3189 nt
873 3126 974 3190 uerius
998 3125 1213 3208 exprimamus,

100 3245 119 3289 a
140 3226 324 3307 quibusdam
346 3245 400 3291 nos
421 3227 483 3310 ipsi
506 3228 632 3292 consilio
656 3230 686 3292 et
708 3229 827 3292 ratione
851 3227 1056 3305 deflectimus,
1081 3247 1118 3292 ne
1140 3229 1214 3291 dum

100 3331 249 3412 explicare
272 3330 483 3395 contendimus
506 3334 625 3410 cuncte,
650 3331 844 3414 expositionis
866 3331 963 3413 ipsius
980 3329 1222 3395 contaminatio-¹

135 3637 151 3689 2
167 3635 295 3690 uiolentia
307 3639 430 3691 moeroris
444 3637 512 3691 Sub:
529 3623 659 3690 uiolentia
676 3637 767 3690 erroris
780 3636 810 3689 P
900 3636 925 3707 ,4
936 3636 1005 3689 stius
1018 3639 1042 3688 P
1052 3651 1112 3690 corr
1124 3638 1146 3690 c‘

98 3722 244 3778 thabesnt
256 3723 320 3790 Sub,
332 3741 361 3776 r.-
379 3723 475 3777 habeat
487 3724 514 3776 P
605 3722 719 3790 negotiis
731 3723 758 3776 P
769 3737 829 3775 corr
922 3722 937 3775 6
950 3737 1036 3775 morae
1050 3723 1077 3774 P
1087 3737 1148 3774 corr

98 3809 245 3862 8uoluere
264 3809 287 3862 Ι.
306 3809 356 3862 Fr.
384 3809 539 3862 Grououice
649 3807 805 3860 molliumue
828 3807 954 3860 Oebleros
1063 3805 1216 3859 uelamenta

97 3894 207 3948 seclusit
230 3893 446 3948 Elrneaborstius
471 3897 498 3947 et
521 3894 671 3947 uelamenta
695 3893 770 3947 Sator
886 3893 919 3945 10
938 3895 1035 3945 nrrtans
1058 3891 1127 3945 Sub.-
1154 3901 1234 3942 mua

98 3981 161 4035 tans
179 3979 207 4031 P
333 3981 365 4032 11
383 3996 488 4034 numem
507 3981 534 4033 P
551 3995 610 4034 corr
738 3977 774 4032 14·
788 3978 959 4032 caerimonias
983 3978 1045 4031 Get.-
1069 3975 1215 4055 quaerimo-

98 4065 159 4120 nias
172 4066 197 4116 P
297 4067 330 4119 18
347 4067 438 4119 ineant
452 4066 517 4120 Get:
536 4067 679 4119 iubiantP
694 4065 804 4120 initient
821 4065 872 4118 Urs
974 4063 1007 4116 22
1025 4060 1214 4116 nonomnibns

102 4150 376 4205 octonariam
395 4153 422 4204 P
522 4152 556 4204 23
573 4151 690 4204 traditis.
709 4150 754 4204 sed
772 4151 927 4204 Mercurios:
950 4147 1093 4201 tradidisse
1110 4148 1137 4198 P
1157 4149 1214 4200 tra-

97 4237 207 4290 duntur.
227 4236 271 4289 sed
293 4235 341 4291 eet
363 4235 546 4290 cadunensi
569 4236 621 4290 Ure
722 4237 757 4291 24
775 4235 924 4305 specialiter
941 4232 984 4288 uel
1004 4233 1140 4302 partiliter
1163 4231 1214 4287 Urs

97 4321 291 4391 propriatim?
391 4322 425 4376 25
442 4336 533 4376 uerum
545 4322 600 4376 Sub
704 4323 738 4378 26
754 4320 912 4391 quibusdam
926 4313 988 4374 oa:
1006 4319 1101 4388 quibus
1114 4319 1142 4372 P
