2950 5006
283 468 327 535 20
585 465 725 520 Arnobii
749 463 911 520 aduersus
935 464 1092 518 nationes

283 657 357 723 quas
379 640 482 704 nostra
503 638 631 704 fulcitur
653 637 735 702 salus
766 639 920 703 mnarum
941 637 1158 703 munificentia
1180 635 1394 719 uoluptatum?

241 731 244 740 '
284 741 415 807 muudus
437 742 496 807 iste
517 742 549 806 in
571 759 629 824 quo
653 741 780 825 degitis,
809 742 895 806 cidus
917 742 963 806 est
984 742 1039 806 aut
1061 741 1129 822 quis
1151 740 1216 806 eius
1238 740 1323 806 nohis
1345 741 1391 806 at-

283 845 395 910 tribuit
424 844 560 913 fructum
582 845 859 926 possessionemque
884 844 1036 909 reticere?
1072 843 1158 926 quis,
1187 843 1224 906 ut
1244 843 1391 908 subiectas

283 967 331 1014 res
354 967 490 1027 eernere,
514 949 550 1012 ut
571 948 774 1025 contrectare,
803 948 839 1012 ut
861 947 1049 1012 considerare
1070 946 1214 1030 possetis,
1237 946 1391 1029 publicum

171 1031 175 1042 “
283 1052 369 1117 isene
389 1023 495 1117 lumin
517 1052 623 1118 emta
644 1052 721 1133 qus,
745 1071 783 1116 ne
805 1051 864 1116 cra
883 1051 1029 1135 pigritiae
1052 1052 1175 1132 supere
1189 1051 1392 1132 operarent
1416 1073 1429 1111 c

283 1155 434 1221 elementa
462 1155 587 1234 uitalia,
618 1155 691 1220 solis
720 1155 807 1239 ignes
837 1154 1001 1220 coustituit
1023 1153 1060 1218 ad
1084 1171 1187 1220 rerum
1207 1153 1393 1218 incrementa

215 1319 217 1328 ι
282 1257 423 1323 mauroso
450 1259 546 1322 solem
568 1257 660 1322 deum
681 1277 752 1322 cum
774 1275 840 1322 esse
862 1257 1009 1334 credatis,
1032 1255 1220 1346 conditerem
1242 1255 1308 1322 eins
1329 1256 1393 1338 opi-

281 1360 429 1441 ficemque
450 1377 508 1424 uon
531 1359 701 1441 quaeritis?
722 1360 797 1425 luna
818 1378 888 1424 cum
910 1359 992 1442 apud
1013 1375 1068 1424 uos
1088 1359 1144 1424 dea
1158 1358 1209 1437 sit,
1232 1376 1293 1424 non
1308 1359 1393 1424 simi·

232 1473 273 1536 dd
281 1464 356 1529 liter
384 1464 460 1528 scire
490 1463 603 1528 curatis
633 1464 754 1547 genitor
780 1465 846 1528 eins
869 1464 900 1526 et
920 1462 1085 1528 fabricator
1107 1462 1175 1544 quis
1199 1461 1262 1528 sit?
1298 1479 1394 1526 nonne

282 1567 503 1649 cogitationes
525 1566 609 1632 subit
631 1566 835 1646 considerare,
859 1567 1041 1648 disquirere,
1064 1565 1096 1632 iu
1119 1565 1187 1632 cuia
1208 1566 1396 1646 possessione
1405 1589 1437 1628 re

281 1669 455 1744 causemini,
478 1670 546 1734 cuia
567 1670 600 1734 iu
614 1686 647 1733 re
668 1669 747 1748 sitis,
771 1670 857 1735 cuius
879 1670 941 1736 ista
963 1670 1004 1734 sit
1026 1688 1120 1751 quam
1142 1668 1282 1752 fatigatis
1304 1670 1395 1748 teme,

282 1773 367 1836 cuius
399 1790 449 1836 aer
481 1773 538 1836 iste
571 1791 661 1854 quem
688 1771 779 1838 uitali
815 1773 1008 1856 reciprocatis
1039 1771 1164 1855 spiritu,
1202 1769 1288 1837 cuins
1319 1773 1395 1838 ahu·

281 1875 391 1940 tamiri
427 1874 576 1953 fontibus,
615 1875 701 1940 cuius
736 1875 867 1958 liquore,
905 1876 973 1958 quis
1015 1875 1175 1940 uentorum
1213 1875 1398 1956 disposuerit

209 1990 268 2040 r11
281 1977 420 2056 flamina,
458 1979 526 2059 quis
559 1979 688 2043 undosas
721 1978 940 2063 excogitauerit
977 1979 1087 2057 nubes,
1122 1978 1190 2060 quis
1231 1974 1397 2064 salminum

281 2080 444 2163 frugiferas
466 2083 632 2163 potestates
658 2082 814 2148 rationum
842 2081 1029 2164 proprietate
1057 2081 1252 2148 distinxerit?
1284 2081 1397 2164 Apollo
1407 2108 1431 2146 a

280 2184 368 2250 uobis
389 2185 486 2267 pluit,
509 2185 678 2250 Mercurius
700 2184 788 2250 uobis
810 2185 904 2267 pluit,
933 2183 1148 2267 Aesculapius,
1171 2187 1319 2252 Hercules
1341 2187 1398 2250 aut

281 2287 381 2352 Diana
410 2288 559 2353 rationem
588 2288 736 2353 imbrium
765 2288 1045 2371 tempestatumque
1074 2288 1249 2353 finxerunt?
1286 2289 1317 2354 et
1339 2289 1398 2354 hoc

280 2389 346 2454 heri
368 2389 420 2471 qui
441 2390 552 2472 potest,
576 2408 646 2454 cum
668 2390 701 2455 in
723 2391 836 2455 mundo
858 2391 1063 2474 profiteamini
1084 2409 1135 2456 eos
1150 2391 1238 2456 natos
1254 2392 1398 2472 certoque

279 2495 415 2575 tempore
437 2510 560 2559 sensum
583 2491 752 2575 adripuisse
773 2492 923 2558 uitalem?
945 2493 971 2558 ei
994 2494 1075 2558 euim
1090 2494 1237 2574 temporis
1259 2495 1398 2576 antiqui-

280 2598 345 2661 tate
377 2597 510 2661 mundus
538 2613 588 2661 eos
620 2596 777 2660 anteuenit
805 2597 836 2660 et
864 2596 1041 2678 priusquam
1064 2597 1129 2662 nati
1152 2597 1225 2662 eunt
1252 2597 1316 2660 iam
1340 2614 1434 2660 nom

279 2701 367 2764 uerat
388 2699 511 2784 pluuias
525 2699 784 2782 tempestatesque
800 2699 918 2776 natura,
940 2699 1062 2764 nullum
1077 2699 1174 2764 serius
1188 2700 1254 2764 nati
1268 2700 1398 2782 pluendi

280 2801 328 2866 ius
350 2802 463 2868 hebent
488 2820 584 2883 neque
612 2802 655 2866 eis
682 2802 812 2866 inserere
834 2802 1003 2867 rationibus
1031 2820 1063 2868 se
1091 2803 1219 2884 possunt
1246 2820 1322 2884 quas
1345 2802 1399 2866 in-

199 2989 201 2992 ·
230 2905 267 2968 31
282 2906 430 2970 uenerunt
451 2905 502 2969 hic
523 2905 574 2988 agi
596 2905 627 2969 et
648 2905 763 2970 maiore
784 2905 822 2970 ab
839 2907 967 2971 auctore
994 2905 1129 2971 tractari.
1167 2922 1184 2969 o
1206 2905 1355 2984 maxime,
1381 2923 1399 2969 o

281 3027 399 3072 summe
421 3027 523 3073 rerum
545 3007 750 3072 inuisibiiium
773 3011 960 3091 procreator,
982 3025 999 3072 o
1021 3008 1088 3091 ipse
1107 3008 1229 3092 inuisus
1251 3009 1283 3072 et
1297 3008 1399 3075 nullis

280 3129 426 3192 umquam
448 3111 648 3194 conprehensa
673 3111 800 3189 naturis,
823 3112 942 3195 dignus,
965 3111 1077 3196 dignus
1099 3130 1130 3176 ee
1150 3129 1231 3194 uere,
1254 3112 1280 3176 si
1302 3112 1435 3178 modoa

279 3213 310 3277 te
332 3213 461 3296 dignum
490 3214 613 3278 mortali
643 3214 806 3279 dicendum
828 3221 874 3280 est
895 3233 959 3292 ore,
994 3215 1043 3280 cui
1073 3214 1191 3296 spirans
1222 3215 1323 3280 omnis
1343 3216 1400 3283 in-

279 3315 481 3398 tedigensque
508 3318 617 3382 natura
639 3318 670 3381 ct
691 3316 802 3382 habere
825 3318 856 3381 et
878 3335 967 3401 agere
989 3335 1158 3399 numquam
1179 3317 1299 3408 desinat
1322 3336 1401 3402 gra-

278 3419 349 3496 tias,
371 3420 420 3485 oui
442 3421 509 3484 tota
535 3420 696 3487 conueniat
721 3421 788 3485 uita
816 3439 896 3504 genu
924 3420 994 3486 niro
1020 3421 1218 3502 procumbere
1240 3404 1271 3485 et
1294 3421 1401 3486 conti-

278 3523 379 3587 nuatis
395 3523 535 3606 precibus
550 3523 729 3605 supplicare.
752 3523 853 3606 prima
873 3523 955 3588 enim
970 3524 1005 3588 tu
1022 3541 1113 3588 causa
1127 3541 1167 3606 es,
1190 3524 1274 3590 locus
1290 3541 1402 3590 rerum

279 3627 487 3708 saepedum,
520 3626 752 3690 fundamentum
783 3627 961 3690 cunctorum
991 3645 1198 3709 quaecumque
1222 3626 1310 3708 sunt,
1346 3627 1442 3692 in-co

310 3971 327 4024 3
352 3968 594 4042 possessionemque
624 3967 736 4021 rotinere
763 3967 836 4022 Sub:
863 3969 1065 4037 spossossionem
1094 3972 1187 4037 queret
1213 3969 1271 4022 inre
1297 3969 1327 4022 P

249 4055 435 4126 .5pigritiae
448 4056 475 4108 P
577 4053 815 4122 iopifioemqucP
916 4057 948 4110 11
967 4055 1061 4109 cui⁸P
1162 4055 1305 4124 12spiritu
1324 4054 1406 4110 Urs.-

277 4143 388 4211 aepiritu
399 4142 427 4195 P
530 4141 563 4195 15
579 4139 734 4208 potestateis
747 4139 817 4194 Sed:
841 4141 982 4210 potestatis
994 4142 1021 4194 P
1122 4141 1287 4196 distineserit
1298 4141 1327 4192 P

277 4229 309 4282 16
327 4229 440 4282 herculis
457 4228 485 4281 P
592 4225 626 4280 18
643 4227 764 4294 certoque
781 4226 808 4279 P
914 4227 947 4280 19
965 4227 1139 4294 antiquitate·
1152 4229 1180 4282 P
1280 4228 1314 4281 21
1333 4228 1410 4296 plu·

275 4313 334 4367 bias
347 4313 447 4367 Poorr
476 4363 479 4370 ,
515 4311 777 4379 tempestatesqueP
844 4309 1037 4367 ditationibus
1054 4311 1284 4367 Geirnationibur
1297 4311 1326 4367 P

277 4397 482 4453 adincrescat
534 4459 538 4466 Α
585 4395 619 4449 25
636 4397 827 4478 conpraehensa
845 4397 872 4450 P
972 4395 1160 4466 repressione
1179 4399 1206 4452 P
