2888 5008
211 403 272 470 184
509 396 654 452 Arnobii
680 397 841 452 aduersus
864 395 1020 450 nationes

121 573 286 643 61661661
307 569 509 656 languidioris
531 570 690 649 audaciae,
714 569 745 634 ct
766 586 827 634 non
851 569 962 634 cotidie
984 560 1143 634 uideamus
1165 585 1215 634 eos
1240 567 1245 656 Ι
1275 567 1347 650 qui

209 677 269 744 sibi
301 674 523 742 demessuerint
555 673 610 738 has
640 673 742 753 partes
770 671 896 737 maioris
922 671 1113 754 petulantiae
1140 670 1206 736 fieri
1234 672 1348 754 atque

209 779 350 848 omuibus
372 776 551 860 postpositis
573 775 698 860 pudoris
720 776 751 840 et
773 774 973 840 uerecundiae
995 773 1090 840 irenis
1112 775 1145 839 in
1164 774 1347 840 obscenam

209 900 402 967 prorumpere
429 879 586 946 uilitatem
615 878 804 962 flagitiorum
833 879 1019 944 confessione
1041 878 1178 962 uulgata.
1212 878 1346 944 uellem
1435 935 1436 966 ,

209 987 313 1051 tamm
329 985 442 1062 uidere,
466 983 492 1048 si
508 983 587 1048 esset
602 983 680 1070 mihi
694 983 743 1048 his
759 983 842 1048 nasci
858 981 1048 1065 temporibus
1064 982 1181 1060 datum,
1204 983 1344 1063 patrem
1370 1005 1383 1041 a
1435 979 1436 984 ’

209 1089 301 1155 illum
314 1088 461 1152 hiberum
484 1084 703 1150 debellatorem
725 1085 894 1150 ferocitatis
909 1085 1086 1170 Agdestiae,
1109 1088 1180 1168 post
1200 1085 1345 1150 deorum
1435 1079 1436 1156 ἓ

210 1190 447 1276 augustissimas
464 1187 562 1252 curias
578 1189 654 1254 caeli
669 1190 707 1254 ab
723 1188 910 1254 culminibus
925 1189 1056 1271 lapsum,
1079 1188 1346 1270 peniculamenta

210 1295 421 1360 decurtantem
444 1291 679 1370 cantheriorum,
702 1293 908 1358 innectentem
931 1292 1054 1374 laqueos
1069 1292 1209 1369 mobiles,
1233 1311 1343 1374 aqua-

210 1418 280 1463 rum
300 1397 438 1462 innoxias
460 1395 611 1479 puritates
633 1393 733 1460 multa
755 1395 944 1460 sauciantem
960 1396 992 1460 61
1007 1396 1094 1474 meri,
1118 1396 1150 1460 et
1164 1395 1345 1478 postquam

211 1501 340 1566 ebrietas
367 1500 474 1584 potum
497 1499 619 1576 mersit,
650 1497 812 1563 insenuisse
835 1498 923 1563 caute
945 1517 1067 1577 manus,
1091 1497 1381 1564 contrectauissero
1435 1487 1436 1494 '

211 1603 316 1670 uirilia
343 1601 540 1678 dormientis,
566 1601 658 1682 atque
680 1602 716 1665 61
738 1601 842 1666 omnia
868 1601 1025 1684 cingerent
1046 1601 1257 1684 circumpositi
1282 1603 1342 1666 la·
1435 1665 1436 1668 ,

212 1725 357 1789 queomm
378 1723 507 1784 morsus,
530 1704 652 1770 artificii
675 1723 761 1770 curas
784 1705 851 1772 tum
874 1706 965 1770 rebus
981 1706 1158 1770 adhibuisse
1173 1705 1339 1787 perituris.

166 1809 384 1876 1116616616
411 1797 472 1873 diis
505 1808 667 1890 quisquam
695 1808 745 1872 nel
773 1810 882 1892 exigua
914 1810 1027 1874 dixerit
1055 1828 1161 1874 eorum
1188 1808 1341 1893 opinione

212 1912 370 1994 pollutus?
396 1912 450 1976 661
472 1911 498 1976 61
519 1911 634 1976 1611166
663 1913 800 1995 occupati
829 1913 901 1978 sunt
926 1913 1057 1998 negotiis
1089 1912 1340 1997 cogitationibus
1435 1917 1436 1982 ἶ

213 2018 307 2094 curis,
337 2015 499 2098 quisquam
526 2033 576 2080 eos
607 2013 727 2096 sapiens
757 2017 811 2079 aut
833 2015 903 2080 deos
926 2033 990 2080 esse
1018 2015 1182 2080 crediderit
1205 2018 1260 2080 aut
1282 2017 1338 2080 in·
1351 2045 1378 2084 re
1435 2017 1436 2084 ὲ

213 2119 390 2184 mortalium
413 2118 523 2183 saltem
545 2118 578 2181 in
601 2136 726 2183 numero
750 2119 985 2200 conputaueriti
1006 2117 1153 2202 Agdestis
1175 2118 1243 2198 iste,
1267 2135 1338 2198 oro,

213 2222 298 2288 cuins
321 2222 492 2288 obscenitas
516 2222 674 2304 amputata
697 2221 892 2286 securitatem
915 2221 1016 2286 iuerat
1037 2221 1174 2286 inlatura
1189 2222 1340 2288 caelesti·

213 2326 278 2404 bus,
303 2344 338 2390 ex
360 2325 488 2389 terrenis
517 2325 726 2390 animantibus
755 2343 833 2389 unns
860 2324 921 2389 fuit
948 2343 986 2388 an
1014 2325 1140 2390 deorum
1162 2325 1276 2406 aliquis
1303 2329 1341 2390 et
1435 2323 1436 2332 ³

213 2427 446 2494 inmortalitatis
467 2428 626 2508 praeditus
647 2426 779 2494 honore?
802 2428 828 2494 si
851 2427 933 2493 enim
954 2429 1077 2494 nostrae
1098 2429 1189 2494 sortis
1210 2430 1242 2494 et
1257 2448 1339 2495 con·

214 2531 342 2597 dicionis
365 2531 535 2596 habebatur
556 2530 722 2610 humanae,
752 2549 805 2594 cur
826 2532 972 2596 terrorem
999 2531 1122 2596 tantum
1149 2531 1378 2598 numinibusao

213 2635 385 2702 inferebat?
416 2636 491 2700 deus
513 2634 617 2700 autem
639 2635 665 2698 si
687 2635 802 2714 fuerat,
827 2635 880 2716 qni
901 2635 1003 2717 potuit
1025 2635 1125 2717 decipi
1147 2637 1202 2700 ant
1224 2636 1339 2702 diuino
1435 2639 1436 2698 i

213 2739 329 2822 aliquid
351 2759 387 2803 ex
415 2756 538 2820 corpore
566 2737 719 2803 desecari?
752 2738 805 2802 sed
828 2739 1037 2821 quaestionem
1060 2758 1220 2804 monemus
1242 2743 1338 2822 parte
1435 2739 1436 2742 ’

213 2842 245 2906 16
266 2843 324 2906 hac
345 2842 480 2916 nullam;
504 2840 599 2906 fuerit
620 2841 695 2906 11661
718 2841 754 2906 de
777 2841 881 2908 diuino
904 2861 1012 2926 genere
1034 2841 1084 2906 uel
1106 2860 1142 2906 er
1163 2842 1251 2908 nobis
1274 2844 1341 2908 ali·
1435 2833 1436 2862 ³

112 2960 133 3012 6.
143 2961 204 3013 104l
214 2944 292 3026 quis,
315 2943 343 3008 si
364 2943 421 3008 hoc
442 2944 558 3024 rectius
581 2943 796 3010 existimabitis
819 2945 896 3010 dici:
919 2941 1236 3031 1661666166161616
1259 2965 1349 3013 sun·-

213 3047 316 3132 guinis
338 3053 370 3110 ct
392 3065 427 3110 er
449 3047 635 3129 genitalibus
658 3048 825 3131 amputatis
848 3047 938 3113 arbor
957 3049 1033 3114 mali
1049 3050 1139 3114 enata
1155 3049 1203 3113 est
1217 3048 1338 3131 punici,
1350 3079 1376 3120 25
1435 3049 1436 3056 ³

215 3169 253 3214 an
275 3150 343 3213 tum
371 3148 491 3230 quando
519 3149 567 3213 uis
594 3149 650 3214 illa
678 3150 799 3214 telluris
828 3152 969 3233 cooperta
1002 3152 1049 3216 est
1081 3151 1198 3236 gremio
1232 3152 1340 3217 solum

248 3319 472 3388 3poatpositisP
573 3319 733 3374 5111161166
836 3321 957 3375 66111661
970 3323 997 3373 P
1097 3323 1268 3377 acdestiaeP

214 3408 230 3460 1
247 3407 457 3476 peniculamenta
480 3406 539 3473 Ure,
559 3407 691 3478 Scaiepcr:
709 3407 900 3475 peniculantcru
919 3409 946 3462 P
1039 3410 1056 3463 8
1073 3408 1255 3463 decurtantem
1274 3409 1339 3478 Urs,

197 3495 353 3563 xdcccla'per:
382 3493 573 3546 decurtamtarn
596 3495 622 3544 P
648 3493 832 3546 deauramenta
855 3491 908 3547 Sub
946 3482 953 3496 '
1044 3495 1240 3550 cantheriorum
1268 3495 1340 3550 aar:

214 3579 365 3634 cantherios
382 3582 408 3631 P
515 3579 647 3633 9multar
665 3580 692 3630 P
799 3594 926 3648 posquam
944 3581 972 3633 P
1081 3581 1115 3634 10
1131 3584 1223 3650 potum
1241 3582 1341 3635 mersit

214 3665 325 3734 scripsi:
343 3666 408 3733 potu
419 3663 527 3718 emersit
539 3664 567 3717 P
660 3665 693 3718 12
705 3681 780 3718 curas
794 3663 864 3718 Sub:
884 3681 945 3718 cura
956 3666 980 3718 si
992 3667 1020 3719 P
1036 3682 1125 3720 curam
1141 3668 1178 3720 sic
1191 3667 1267 3721 Salon

215 3753 249 3806 14
265 3751 380 3821 pollutos
397 3751 424 3806 P
441 3765 502 3804 6666
520 3755 542 3804 c'
560 3751 692 3819 polluctus
711 3751 787 3806 Sulca
890 3752 922 3806 15
939 3752 1131 3806 immortalium
1151 3753 1216 3807 Urs.-
1234 3756 1338 3808 morta-

214 3839 281 3894 lium
299 3839 326 3892 P
461 3839 493 3890 16
512 3837 624 3890 acdestis
643 3838 670 3891 P
805 3838 837 3892 19
855 3837 1071 3891 immortalitatis
1090 3838 1159 3893 Sub.-
1181 3839 1337 3894 inmortali-

214 3927 271 3978 tate
284 3925 310 3978 P
398 3923 494 3978 honore
507 3923 578 3978 Sub:
596 3923 731 3977 honoriP
747 3923 854 3976 honoria
867 3923 983 3978 Ziabtus
1067 3924 1267 3980 conditionisP

214 4011 248 4065 20
263 4013 389 4065 torrorem
408 4010 470 4076 Sub,
488 4027 518 4063 r:
544 4011 644 4064 terrore
662 4011 690 4063 P
801 4009 835 4063 21
854 4009 946 4062 diutino
965 4009 1056 4065 aaa:
1082 4010 1223 4066 de-diuino
1241 4011 1267 4064 P

214 4098 248 4152 22
266 4113 297 4152 ex
313 4112 355 4150 cm
371 4096 421 4150 aaz
437 4096 461 4149 ei
478 4097 529 4152 Ure
632 4095 794 4164 questionem
807 4095 834 4150 P
913 4096 971 4150 ’23
983 4097 1045 4152 6166
1058 4097 1157 4152 Ρ6666
1259 4083 1337 4167 cge.

214 4198 275 4236 nere
287 4183 314 4236 P
414 4182 449 4236 24
466 4183 569 4236 lontano
581 4180 694 4248 scripsi.-
712 4179 827 4234 etiamne
838 4181 865 4234 P
967 4183 1047 4238 flucre
1059 4184 1130 4239 Sub.-
1148 4185 1222 4239 lucre
1241 4185 1268 4238 P

214 4269 248 4322 25
265 4267 330 4322 mali
347 4271 426 4323 enata
444 4269 513 4323 Sub:
531 4267 647 4322 alienata
665 4265 692 4318 P
792 4266 825 4320 26
846 4283 880 4320 an
897 4270 955 4320 tum
974 4269 1077 4338 quando
1095 4271 1207 4338 scripsi:
1225 4287 1259 4326 66
1276 4272 1337 4324 tum

213 4370 264 4422 que
274 4353 377 4423 quando
392 4355 419 4410 P
430 4370 465 4408 an
477 4357 535 4408 tum
548 4368 607 4407 cum
620 4352 675 4409 Sub
687 4354 793 4405 tantum
804 4352 875 4421 quod
887 4353 1028 4424 Ripcitircs
1045 4357 1218 4425 actutumque
1230 4356 1336 4424 quaudo

219 4440 347 4498 Oebierus
403 4505 407 4519 .
449 4455 489 4492 res
508 4439 649 4494 Maureius
