2916 5010
466 499 468 506 ›
540 472 637 528 nicar
657 473 693 526 rr.
1130 472 1173 542 35

23 646 27 655 '
60 645 218 728 inpietatis
251 645 388 713 incurrat
420 645 559 728 quisquis
589 646 627 710 ab
655 664 689 710 eo
720 647 889 728 conceperit
921 645 1075 712 hominem
1107 664 1171 712 esse

59 748 252 832 prognatum,
276 767 342 814 rem
363 749 519 814 infelicem
541 751 572 815 et
593 751 748 830 miseram,
771 750 824 833 qui
846 768 911 815 esse
933 768 964 814 se
985 749 1096 829 doleat,
1118 749 1172 832 qui

59 851 267 916 condicionem
289 871 378 918 suam
399 853 569 919 detestetur
592 856 622 918 et
642 854 758 936 lugeat,
782 853 834 936 qui
849 853 936 918 nulla
954 853 1014 918 alia
1029 852 1066 916 de
1081 869 1172 918 causa
1243 909 1255 928 ,,

58 973 124 1018 sese
152 955 313 1039 intellegat
340 960 546 1039 procreatum,
583 977 674 1039 quarn
696 977 733 1022 ne
755 957 917 1029 materiam
944 937 1003 1022 noi
1024 956 1171 1022 haberent
1254 999 1256 1008 ‹

37 1077 113 1142 aper
134 1077 226 1140 quarn
249 1058 454 1123 diffunderent
475 1079 508 1124 se
529 1059 611 1125 mala
640 1061 671 1125 et
699 1062 799 1126 essent
825 1059 929 1124 miseri
958 1080 1075 1144 semper
1096 1077 1170 1142 quo-

57 1181 129 1226 rum
151 1162 337 1228 cruciatibus
359 1162 532 1244 pasceretur
554 1163 655 1228 nescio
679 1182 739 1245 qua
761 1161 809 1227 uis
825 1163 924 1228 latens
940 1165 971 1228 et
986 1161 1168 1228 humanitat‘
1262 1205 1266 1217 ·

56 1268 186 1330 aduersa
208 1265 381 1332 crudelitas.
416 1266 469 1330 sed
484 1265 510 1332 si
526 1284 632 1348 parens
648 1267 680 1330 et
693 1266 813 1348 genitor
828 1266 1008 1344 animarum,
1031 1265 1167 1347 inquitis,
1179 1258 1218 1322 47
1237 1317 1239 1324 1

57 1368 134 1432 deus
161 1386 221 1432 non
248 1371 310 1448 est,
345 1388 403 1451 quo
431 1372 553 1436 auctore
582 1369 758 1453 progenitae
775 1358 788 1454 ιΙ
815 1369 846 1434 et
872 1388 932 1450 qna
959 1371 1032 1434 sunt
1055 1369 1241 1434 rationesto

57 1471 218 1554 prolatae?
247 1473 273 1538 si
294 1471 434 1537 infucata
455 1473 553 1538 uultis
581 1471 686 1538 audire
708 1471 820 1537 neceb
842 1472 945 1554 aliqua
966 1472 1049 1537 uocis
1072 1472 1172 1536 osten-

24 1574 175 1639 rotatione
202 1575 345 1654 deducta,
380 1575 457 1640 item
479 1575 659 1641 confitemur
681 1595 734 1641 nos
763 1575 847 1641 istud
875 1576 1029 1659 ignorare,
1058 1575 1173 1640 nescire

58 1678 279 1759 scientiamque
300 1679 406 1743 tantae
427 1679 472 1742 rei
496 1697 556 1743 non
578 1679 702 1743 tanturn
724 1679 859 1743 nostram
882 1667 1022 1744 ducimus
1044 1677 1173 1744 infirmi-

27 1780 29 1785 '
57 1780 158 1844 tatem
185 1781 446 1864 fragilitatemque
467 1781 596 1846 transire
629 1801 736 1846 uerum
765 1782 857 1847 etiam
885 1784 1075 1866 potestatum
1097 1801 1173 1864 quae

56 1884 92 1948 in
115 1884 229 1962 mundo
257 1885 330 1949 sunt
357 1884 494 1950 omnium
517 1885 646 1967 atquae
676 1887 804 1951 numina
832 1904 864 1950 se
894 1904 958 1950 esse
980 1885 1174 1969 opinionibus

58 2004 247 2069 usurpauere
268 1989 456 2052 mortalium.
491 1989 544 2052 sed
567 2007 641 2070 quas
662 1988 711 2053 dei
725 2006 881 2072 negamus,
905 1988 991 2054 cuius
1007 1989 1068 2054 sint
1082 1989 1174 2054 debe·

24 2108 131 2154 15111113
160 2090 338 2155 ostendere?
369 2090 497 2155 minime
524 2090 608 2155 istud
635 2091 802 2156 necessario
830 2091 975 2172 sequitur.
1009 2093 1175 2158 nonenim

58 2193 86 2256 si
109 2211 255 2276 negemus
275 2213 395 2259 muscas
417 2195 573 2260 scarabeos
595 2196 627 2259 et
649 2195 787 2275 cimices,
809 2194 964 2259 nitedulas
987 2195 1174 2260 curculiones

58 2296 91 2360 et
113 2295 213 2361 tineas
236 2297 454 2379 omnipotentis
477 2316 541 2361 esse
565 2315 639 2378 opus
657 2297 747 2380 regie,
771 2298 940 2378 sequaciter
955 2298 1175 2381 postulandum

58 2420 77 2464 a
101 2399 189 2464 nobis
211 2401 267 2478 est,
290 2401 326 2464 ut
349 2401 416 2482 quis
440 2419 474 2464 ea
495 2399 603 2465 fecerit
623 2401 855 2482 institueritque
878 2400 1032 2466 dicamus:
1067 2419 1175 2484 possu-

58 2523 131 2568 mus
153 2503 234 2568 snim
256 2503 341 2568 nulla
363 2523 433 2568 cum
454 2504 681 2586 reprehensione
705 2505 830 2584 nescire,
853 2505 920 2585 quis
943 2506 974 2568 et
993 2503 1057 2568 illis
1079 2503 1175 2586 origi·

23 2624 134 2672 aunem
157 2605 284 2685 dederit,
307 2608 338 2670 et
360 2607 503 2689 optinere,
526 2607 584 2671 non
601 2626 664 2672 esse
682 2607 736 2672 deo
752 2607 789 2672 ab
808 2607 961 2690 superiore
977 2607 1096 2689 prolata
1111 2609 1175 2672 tam

59 2729 260 2792 superuacua,
283 2710 349 2774 tam
363 2729 452 2788 uana,
467 2711 531 2774 tam
548 2710 587 2775 ad
602 2711 704 2775 nullas
719 2711 905 2792 pertinentia
920 2711 1063 2786 rationes,
1085 2710 1175 2790 quin-

59 2815 159 2878 immo
193 2813 355 2894 aliquando
378 2818 407 2878 et
428 2813 517 2877 neria
539 2814 569 2876 et
590 2813 766 2878 necessariis
798 2813 985 2895 importantia
1017 2813 1174 2878 laesiones.

60 2918 107 2983 sic
130 2917 330 2981 consimiliter
358 2917 408 2981 hic
437 2933 570 2999 quoque,
602 2936 671 2981 cum
700 2917 816 2981 animas
843 2917 1006 2980 renhamns
1034 2918 1081 2981 dei
1111 2911 1226 2980 esselss

60 3019 213 3103 principis
234 3020 360 3100 prolem,
385 3038 444 3083 non
460 3019 601 3086 continno
617 3019 766 3100 sequitur,
789 3023 824 3083 nt
840 3019 989 3101 explicare
1004 3018 1177 3107 debeamus,

24 3141 196 3206 ecquonam
229 3123 355 3204 parente
388 3122 450 3186 sint
483 3123 584 3188 editae
613 3122 643 3186 et
673 3122 772 3186 causis
802 3122 972 3186 cuiusmodi
993 3122 1175 3206 procreatae.

63 3227 133 3308 quis
168 3224 250 3288 enim
272 3242 325 3289 nos
347 3225 497 3306 prohibet,
532 3225 586 3289 aut
609 3225 688 3304 unde
721 3225 827 3289 enatae
859 3223 923 3287 sint
952 3225 1179 3306 prodierintque

61 3329 182 3394 nescire
214 3329 268 3393 aut
295 3346 345 3393 eas
373 3345 432 3392 non
459 3346 523 3392 esse
551 3327 600 3392 dei
621 3327 796 3411 progeniem
823 3327 927 3391 scire?
960 3345 1107 3408 quanam,
1128 3326 1178 3390 in·
1244 3393 1248 3404 ,

62 3431 172 3513 quitis,
194 3430 328 3510 ratione,
352 3450 411 3514 qua
432 3431 507 3496 uia?
535 3431 607 3513 quia
628 3431 710 3494 omni
732 3447 803 3494 uero
826 3430 1023 3494 rarissimum
1046 3431 1092 3493 est
1114 3448 1180 3494 cor-

60 3536 156 3616 toque
179 3533 394 3610 certissimum,
417 3534 496 3598 nihil
511 3553 612 3599 rerum
627 3553 646 3598 a
660 3534 806 3616 principe,
830 3533 910 3598 sicut
926 3533 1045 3614 saepius
1061 3527 1179 3596 dictum

100 3791 189 3874 (iqua
207 3810 229 3861 c‘
246 3823 311 3875 quae
330 3807 384 3861 Sub
485 3807 526 3860 nis
544 3822 586 3860 om
604 3805 658 3860 Sal>
769 3806 827 3858 lsi
839 3805 975 3873 parensP
1075 3805 1112 3873 et]
1132 3804 1181 3858 eti·

61 3909 110 3947 am
129 3893 185 3946 Sal>
321 3893 338 3947 9
355 3893 475 3946 infucata
494 3892 562 3946 Soc.-
579 3891 702 3960 infugata
720 3891 747 3944 P
881 3891 914 3944 11
932 3890 1137 3957 scientiamquae
1155 3888 1183 3942 P

61 3993 161 4035 corre
264 3979 298 4032 12
314 3981 473 4048 potestatem
492 3977 545 4032 Sub
646 3993 696 4046 qne
709 3979 741 4031 ·P
843 3977 876 4030 14
893 3978 966 4046 quas]
985 3976 1047 4044 qnia
1060 3973 1114 4029 uae

60 4067 111 4121 doa'
127 4065 184 4142 Ρκ
258 4065 291 4120 15
313 4067 421 4119 minime
439 4065 657 4120 Klasemuaaas:
683 4063 749 4117 mihi
767 4064 795 4117 P
819 4063 888 4116 nihil
906 4063 964 4122 Sala
1062 4061 1096 4114 16
1113 4059 1182 4112 nite-

61 4152 144 4208 dulas
162 4151 234 4206 Sab:
260 4152 387 4205 nitelulas
405 4152 433 4205 P
567 4151 601 4205 18
625 4150 755 4218 possimus
779 4149 835 4204 Sal>
970 4147 1005 4202 20
1026 4164 1041 4201 a
1061 4146 1114 4201 aab

61 4240 100 4293 22
119 4237 277 4292 necessarias
292 4237 345 4292 Sub
447 4237 480 4291 23
499 4235 783 4291 sicHa'ldebrcsacia‘as:
800 4237 829 4289 in
847 4236 928 4290 Pom
941 4235 994 4290 Sec
1012 4233 1073 4286 inde
1084 4231 1183 4286 Klase-
1223 4250 1225 4254 ·

60 4339 186 4380 manans
287 4323 321 4376 25
339 4321 440 4378 aeditus
457 4323 485 4376 P
584 4322 618 4375 26
638 4324 746 4376 aeneiae
763 4322 867 4382 Peerr
968 4318 1182 4388 prodierintqnae

62 4412 95 4465 P
112 4425 174 4464 corr
