2888 5008
586 462 685 518 biber
709 463 742 518 V.
1062 543 1065 551 ῃ
1160 466 1220 531 185

104 634 206 703 radies
236 634 392 716 complexa
420 635 476 713 est,
506 635 685 718 in'stipitis
708 635 829 702 exiliuit
850 637 950 715 robur,
978 636 1115 702 oneratos
1137 635 1220 712 fudit

106 735 270 802 balaustiis
297 755 398 802 ramos
420 739 451 802 et
473 739 504 802 iu
526 739 632 819 punoti
662 739 760 820 spatio
782 755 873 820 poma
896 740 1006 804 extulit
1028 740 1127 820 mitia,
1151 758 1219 822 per·

104 841 245 909 fectionis
268 839 407 923 propriae
429 841 612 907 maturitate
628 842 800 923 completa?
815 845 855 907 ‘et
871 843 943 924 quia
959 843 995 908 dc
1009 842 1101 907 rubro
1117 845 1220 908 exorta

106 945 180 1008 sunt
212 944 285 1008 haee
318 944 477 1027 sanguine,
512 944 624 1010 ideirco
652 944 717 1010 illis
746 945 828 1010 color
856 947 902 1012 est
924 946 1069 1030 purpurei
1091 946 1219 1011 luminis

80 1047 285 1112 esuffectione
306 1046 479 1124 subluteus3
503 1049 609 1113 addite
631 1050 690 1114 hue
712 1049 806 1113 etiam
828 1050 940 1116 idcireo
963 1068 1029 1114 essa
1044 1049 1147 1128 uuida,
1169 1049 1219 1114 id-

105 1151 185 1216 eireo
208 1149 325 1228 niuosa,
349 1147 487 1232 quod'ex
510 1153 658 1236 sanguine
675 1153 746 1219 uino
764 1153 918 1218 saburrati
933 1171 1028 1235 genus
1044 1153 1165 1234 ducant,
1188 1155 1219 1218 ot

105 1253 247 1319 fabulam
263 1254 476 1318 conuenienter
491 1254 656 1334 implestis.
688 1275 705 1321 c
722 1257 853 1334 Abdera,
869 1255 1000 1334 Abdera,
1018 1256 1105 1321 dares
1120 1274 1219 1337 quan-

105 1360 155 1421 tas
176 1357 246 1422 uias
268 1355 451 1422 mortalibus
475 1356 637 1436 inridendi,
661 1358 734 1424 talis
757 1363 783 1424 si
805 1359 886 1440 apud
909 1359 939 1422 te
954 1359 1033 1422 esset
1047 1357 1154 1423 fabula
1174 1357 1220 1420 ita

105 1461 252 1526 conflata!
281 1460 404 1524 discunt
427 1480 494 1524 eam
517 1461 618 1525 cuncti
640 1463 742 1543 patres
766 1463 796 1526 ot
819 1461 1032 1542 superciliosae
1057 1461 1219 1543 perlegunt

66 1563 258 1642 rociuitates,
283 1565 314 1627 et
336 1582 401 1628 esse
424 1566 459 1629 tu
481 1563 567 1630 fatue
584 1564 614 1627 ct
629 1565 811 1628 stoliditatis
827 1564 1046 1647 frigidissimae
1061 1563 1217 1628 iudicaris.

104 1686 159 1750 per
180 1665 292 1742 sinum,
315 1667 426 1750 inquit,
449 1665 538 1732 Narra
560 1667 660 1732 filium
681 1667 820 1750 concepit
835 1687 870 1732 ex
884 1685 983 1750 pomo.
1007 1667 1145 1749 sequitur
1161 1667 1218 1731 sci·
1232 1668 1268 1732 le

104 1770 180 1837 lieet
208 1771 302 1835 ratio:
336 1768 390 1833 ubi
412 1770 493 1834 enim
516 1771 618 1834 centes
642 1759 673 1834 et
696 1789 767 1836 sara
795 1771 920 1852 pariunt
947 1771 1035 1849 dure,
1063 1771 1107 1834 ibi
1129 1788 1220 1854 poma

103 1891 224 1938 necesse
252 1874 299 1936 est
332 1873 458 1938 suriant.
497 1873 661 1955 glandibus
692 1876 785 1954 atque
812 1873 876 1937 dois
910 1874 1011 1938 alebat
1039 1874 1221 1956 Berecyntia

102 1977 278 2060 religatam.
310 1977 526 2040 conuenienter
548 1977 580 2040 et
602 1978 701 2042 recto:
725 1977 825 2058 pomis
848 1977 932 2041 enim
955 1976 1103 2041 debuerat
1117 1977 1221 2042 uiuere

66 2099 184 2163 requae
206 2080 303 2144 mater
325 2079 425 2144 fuerat
446 2079 528 2144 lacta
551 2079 588 2144 de
609 2097 709 2160 pomo.
738 2081 901 2162 postquam
923 2079 1003 2144 fetus
1020 2079 1150 2150 emissus
1165 2081 1220 2158 est,

103 2179 197 2266 longe
218 2183 320 2248 iussus
342 2185 389 2247 est
412 2177 449 2248 ab
467 2181 612 2266 Sangario
629 2182 739 2264 proici:
763 2201 853 2264 quem
876 2183 1056 2263 conceptum
1071 2182 1222 2248 diuinitus

104 2285 238 2351 credidit
249 2305 312 2350 esse
323 2283 514 2364 iamdudum,
532 2286 716 2369 dedignatus
729 2287 775 2350 est
787 2285 923 2350 subolem
935 2285 983 2350 sui
995 2283 1131 2370 pignoris
1142 2305 1221 2351 uun-

105 2389 220 2472 cupari.
255 2389 334 2454 lacte
361 2387 464 2454 infans
494 2389 640 2454 educatus
668 2388 809 2470 hirquino
838 2390 894 2454 est.
928 2371 1108 2453 o'fabulam
1137 2390 1221 2454 sexui

105 2492 266 2560 inimicam
288 2509 407 2574 semper
430 2492 522 2574 atque
543 2491 779 2556 infestissimam
802 2491 981 2572 masculino,
1005 2493 1037 2557 in
1060 2511 1120 2574 qua
1134 2511 1220 2558 secus

64 2619 94 2659 aa
105 2597 198 2662 uirile
220 2615 280 2660 non
303 2595 402 2659 solum
424 2595 564 2660 homines
586 2597 720 2677 ponunt,
743 2594 795 2659 sed
816 2596 946 2677 pecudes
968 2596 1063 2660 etiam
1085 2595 1165 2660 fiunt
1186 2614 1221 2660 ex

105 2699 243 2765 maribus
265 2700 389 2763 matres.
423 2697 631 2780 pulcritudine
660 2698 770 2764 inclita
792 2701 823 2763 et
844 2699 1043 2782 praedicabili
1069 2699 1131 2763 fuit
1150 2697 1154 2783 l
1172 2699 1221 2763 in·
1232 2709 1250 2760 r.
1260 2709 1309 2759 105

105 2803 241 2885 signitur
271 2802 384 2865 deeora.
419 2800 613 2866 admirabilis
641 2821 689 2866 res
718 2802 807 2880 satis,
838 2801 918 2884 quod
949 2820 1009 2866 non
1031 2801 1123 2866 illum
1145 2802 1222 2866 fetor

105 2905 269 2970 uitabilem
292 2904 427 2970 reddidit
448 2903 689 2987 fugiendumque
712 2905 863 2988 caprinus.
899 2905 1001 2969 Mater
1022 2924 1092 2970 eum
1114 2904 1223 2970 dilexit

142 3195 157 3246 1
176 3193 282 3248 exiliuit
301 3193 371 3247 Sub.-
398 3194 460 3247 exili
478 3195 509 3246 ut
528 3195 554 3246 P
683 3196 804 3248 oneratos
823 3195 893 3247 Sub.-
917 3195 1060 3248 honoratus
1079 3211 1113 3248 ecc
1132 3209 1221 3247 onera·

106 3285 152 3333 tus
171 3281 199 3333 P
318 3279 335 3332 2
352 3279 444 3348 puncti
462 3281 547 3347 spatio
571 3279 635 3334 Urs:
659 3279 765 3347 punctis
784 3280 852 3333 ratio
870 3281 898 3332 P
917 3280 1085 3347 punctistitio
1106 3280 1157 3334 oei

7 3355 12 3366 ’
105 3365 224 3420 tillir„
241 3366 267 3417 P
367 3363 537 3419 deffectione
550 3365 625 3420 Sutm
725 3365 902 3418 deuinosaP
1002 3366 1064 3419 uino
1082 3365 1139 3418 add
1157 3365 1222 3418 Zio-

90 3454 167 3506 'la'us
268 3451 401 3506 saburrati
418 3453 559 3506 oehlerus:
577 3450 727 3505 saburratio
745 3453 771 3502 P
787 3450 924 3504 saburrato
947 3451 996 3505 cer
1098 3451 1113 3502 7
1131 3451 1223 3519 imple·

106 3538 145 3592 tis
158 3537 213 3592 Sub
312 3538 386 3592 dares
399 3538 454 3592 add
467 3540 542 3592 Saloe
638 3539 749 3606 quantas
762 3537 829 3606 uias]
843 3553 921 3604 quam
933 3537 980 3590 lias
998 3536 1048 3590 oei
1058 3552 1137 3604 quarn
1150 3537 1223 3589 fleres

110 3625 164 3679 Urs
248 3625 367 3694 irrepit
446 3623 608 3678 8irridenda
625 3623 673 3677 dez
757 3623 901 3677 deonfiata
914 3621 981 3676 Sub:
995 3623 1116 3690 conpleta
1129 3623 1156 3676 P

103 3711 214 3765 discunt
230 3710 296 3765 Urs:
314 3709 406 3764 dicunt
420 3711 446 3762 P
542 3711 576 3764 10
587 3709 676 3762 faotua
688 3711 784 3762 Peorr
879 3708 1006 3762 iudicares
1024 3715 1046 3762 ε’
1139 3710 1170 3763 11
1182 3707 1223 3761 in·

105 3796 173 3865 quid
189 3797 215 3848 P
293 3796 562 3874 scilicetMeurac'us:
584 3812 611 3849 se
624 3797 652 3850 P
731 3795 763 3848 12
781 3793 820 3849 ibi
834 3795 901 3849 deb:
920 3795 965 3849 ubi
979 3795 1005 3848 P
1089 3810 1166 3864 poma
1183 3793 1223 3847 ibi

106 3883 164 3936 Sat
250 3883 282 3936 13
295 3883 398 3936 suriant
414 3883 481 3936 Ure.-
497 3886 610 3950 surgant
622 3883 650 3936 P
734 3881 876 3951 glandibus
889 3882 958 3935 dab:
976 3880 1118 3934 blandibus
1131 3881 1158 3934 P

103 3969 141 4022 14
158 3969 304 4036 relegatam
321 3969 463 4024 Macrales
594 3969 626 4022 17
638 3967 807 4044 dedignatus
822 3969 998 4022 stewechius:
1025 3966 1180 4034 designatus
1198 3967 1224 4018 P

104 4061 134 4110 et
153 4055 176 4108 si
193 4056 292 4122 gnatus
310 4055 365 4109 Sub
467 4057 536 4108 esset
549 4055 603 4108 Sub
706 4055 739 4108 18
757 4054 906 4108 istPcorr
1007 4053 1040 4105 19
1057 4067 1131 4105 secus
1143 4051 1222 4104 uirile

86 4179 89 4185 -
104 4140 340 4194 Etmeoborstr'os:
357 4157 384 4194 sc
397 4156 469 4194 aecus
481 4141 560 4195 uirile
573 4141 597 4192 P
613 4156 688 4193 sarus
700 4139 791 4194 uiriles
807 4140 861 4194 Sub
962 4139 995 4191 21
1007 4140 1105 4190 matres
1123 4137 1181 4203 Ure,
1192 4153 1224 4190 r.-

104 4241 193 4280 nrares
207 4227 234 4277 P
322 4225 459 4294 inclyta?
548 4225 676 4280 22ioetnr
689 4226 743 4280 Sub
763 4225 888 4279 laetmr:
908 4223 979 4278 facto
993 4224 1019 4278 P
1109 4224 1143 4277 23
1156 4223 1225 4277 nita·

105 4311 190 4365 bilem
208 4312 273 4376 sao,
291 4328 320 4366 r:
349 4312 462 4366 uitabile
479 4313 506 4366 P
