2888 5008
212 437 272 502 188
516 431 655 485 Arnobii
678 431 838 486 aduersas
862 430 1016 484 nationes
1057 483 1058 486 ,

208 607 326 692 perlegi
348 607 380 672 et
400 605 499 670 futuri
522 605 667 686 temporis
689 621 743 685 pro
764 603 967 668 instructione
988 621 1042 685 per
1057 601 1198 668 ordinem
1219 621 1335 668 succe-

208 710 349 776 dentium
371 707 460 774 tradi.
493 727 572 790 quae
593 707 620 772 si
642 706 749 790 utique
771 709 923 788 nemost,
946 707 1066 772 nullam
1090 706 1229 772 uidemus
1254 707 1334 770 sub-

208 832 274 880 esse
295 813 459 890 rationem,
483 829 537 876 cur
558 810 646 876 nobis
668 809 759 875 irasci
782 808 998 892 perhibeantur
1019 809 1063 874 dii
1092 809 1231 887 caelites,
1257 826 1335 874 cum

208 915 415 998 turpitudines
443 913 568 980 illorum
595 912 698 977 tantas
726 930 823 996 nsque
850 929 905 978 nos
927 911 1150 993 prodiderimus
1173 931 1274 996 neque
1296 914 1334 978 in

208 1019 326 1095 litteras
359 1017 577 1084 contulerimus
606 1017 686 1082 ullas
715 1035 812 1098 neque
838 1017 871 1080 in
899 1016 1057 1098 publicam
1079 1015 1334 1082 testificationem
1358 1035 1369 1070 ⁵

208 1139 362 1186 sacrorum
395 1120 626 1186 celebritatibus
656 1119 882 1185 inseruerimus.
912 1120 959 1185 sin
990 1122 1108 1198 autem,
1141 1120 1178 1184 ut
1205 1119 1331 1196 remini,

208 1225 286 1290 falsa
307 1226 356 1290 est
376 1226 409 1289 et
430 1223 599 1288 mendaciis
627 1222 811 1305 interpolata
835 1221 1012 1297 fallacibus,
1043 1222 1197 1305 ambigere
1226 1221 1333 1288 homi-

208 1347 283 1394 uum
315 1327 419 1392 nullus
454 1326 567 1408 potest,
600 1325 674 1407 quin
706 1343 796 1390 eausa
827 1344 882 1391 uos
916 1327 985 1390 sitis
1018 1325 1165 1402 offensae,
1192 1325 1247 1407 qui
1279 1327 1333 1392 uel

209 1431 285 1496 talia
320 1430 467 1511 quosdam
503 1429 690 1494 conscribere
733 1429 868 1494 eiueritis
910 1430 965 1494 aut
1009 1429 1181 1512 conscripta
1217 1428 1333 1494 durare

163 1532 400 1598 ltsaeoulorum
428 1533 461 1597 in
490 1531 669 1598 memoriam
699 1531 767 1596 sitis
794 1531 885 1614 passi.
920 1533 953 1596 et
982 1531 1086 1597 tamen
1117 1531 1170 1612 qui
1198 1532 1367 1614 potestis10

111 1633 226 1720 110111,
244 1635 391 1700 falsitatis
413 1653 538 1718 arguere
559 1634 813 1717 conscriptionem
834 1635 944 1712 istam,
972 1653 1042 1703 cum
1064 1635 1131 1716 ipsa
1152 1652 1238 1698 sacra
1266 1634 1333 1700 sint

207 1737 402 1816 testimonio,
439 1756 515 1819 quae
548 1757 602 1819 per
635 1756 741 1804 cursus
778 1755 894 1804 annuos
928 1738 1094 1816 factitatis,
1130 1739 1161 1803 et
1194 1737 1279 1802 credi
1313 1758 1332 1802 a

207 1840 295 1908 uobis
317 1859 382 1906 esse
410 1859 515 1905 ueram
537 1843 567 1904 et
590 1841 761 1922 exploratae
788 1839 860 1906 fidei
880 1841 1033 1907 iudicari?
1067 1842 1141 1927 quid
1163 1841 1246 1906 enim
1270 1841 1332 1907 sibi

207 1945 277 2010 uult
298 1945 353 2008 illa
369 1945 467 2026 pinus,
491 1962 583 2026 quam
599 1962 719 2026 semper
733 1944 861 2008 statutis
877 1943 985 2008 diebus
1000 1945 1032 2009 in
1048 1947 1139 2010 deum
1154 1945 1264 2010 matris
1281 1945 1330 2014 ia·

109 2085 114 2096 ι
207 2047 382 2112 immittitis
404 2048 600 2112 sanctuario?
623 2065 719 2112 nonne
741 2047 826 2112 illius
849 2048 1021 2113 similitudo
1043 2050 1090 2112 est
1112 2048 1247 2126 arboris,
1271 2048 1366 2113 subs

207 2168 268 2232 qua
289 2150 349 2214 sibi
370 2149 472 2214 furens
494 2169 603 2214 manus
619 2152 650 2216 et
670 2149 778 2224 infelix
799 2151 1046 2215 adulescentulus
1061 2149 1171 2215 intulit
1186 2152 1217 2215 st
1234 2169 1331 2232 quam

208 2253 344 2336 genetrix
377 2254 484 2318 diuum
512 2253 545 2318 in
574 2253 720 2318 solatium
751 2253 800 2318 sui
833 2253 969 2318 uulneris
1003 2253 1218 2318 consecrauit?
1252 2253 1330 2334 quid

208 2356 348 2420 lanarum
376 2356 506 2433 uellera,
540 2356 652 2438 quibus
683 2355 800 2422 arboris
829 2356 992 2440 conligatis
1022 2357 1053 2421 et
1081 2356 1331 2426 circumuoluitis

208 2457 367 2539 stipitem?
389 2477 487 2524 noune
510 2459 636 2524 illarum
659 2459 801 2542 repetitio
824 2460 964 2524 lanarum
988 2461 1043 2538 est,
1067 2459 1179 2542 quibus
1194 2460 1230 2524 Ia
1252 2459 1329 2525 defi-

208 2561 338 2626 cientem
361 2562 496 2628 contexit
517 2565 548 2628 et
569 2563 683 2645 teporis
714 2563 832 2644 aliquid
854 2565 920 2628 rata
942 2563 989 2628 est
1011 2581 1044 2626 se
1065 2580 1154 2646 posse
1177 2561 1330 2628 membris
1340 2584 1363 2622 20

208 2665 368 2730 conciliare
390 2665 596 2749 frigentibus?
619 2665 701 2748 quid*
716 2666 831 2748 compti
846 2665 991 2730 uiolaceis
1008 2665 1125 2730 coronis
1141 2666 1173 2728 et
1188 2665 1330 2730 redimiti

208 2769 324 2833 arboris
352 2769 486 2834 ramuli?
518 2787 616 2834 nonne
646 2769 725 2832 illud
753 2769 905 2846 indicant,
934 2769 982 2832 uti
1012 2771 1111 2832 mater
1133 2767 1330 2850 primigeniis

208 2869 334 2965 floribus
350 2872 545 2937 adornanerit
559 2873 676 2954 pinum,
700 2871 889 2938 miserabilis
904 2871 1039 2936 indicem
1054 2870 1331 2952 testimoniumque

209 2972 370 3038 fortunae?
392 2976 465 3056 quid
481 2976 655 3059 pectoribus
677 2975 877 3059 adplodentes
893 2976 1013 3056 palmas
1028 2974 1130 3056 passis
1147 2992 1219 3038 cum
1234 2972 1330 3039 crini-

209 3076 267 3140 bus
289 3077 397 3144 Gelli?
428 3095 525 3142 nonne
553 3079 624 3142 illos
646 3076 783 3142 referunt
805 3077 839 3141 in
862 3078 1043 3142 memoriam
1071 3077 1190 3154 luctus,
1215 3075 1361 3156 quibusrs

209 3180 309 3244 mater
337 3179 450 3244 turrita
479 3200 549 3245 cum
571 3181 705 3264 Agdesti
732 3180 918 3246 lacrimabili
946 3199 1075 3263 puerum
1097 3181 1260 3262 prosecuta
1281 3181 1330 3244 est

209 3283 370 3347 heiulatu?
392 3284 466 3366 quid
488 3286 678 3365 temperatus
700 3284 738 3347 ab
761 3283 908 3349 alimonio
930 3283 1035 3365 panis,
1059 3282 1109 3348 cui
1131 3283 1176 3346 rei
1198 3283 1328 3348 dedistis

245 3594 325 3661 lpro
343 3591 520 3646 instructione
539 3589 630 3644 80100·
653 3607 699 3660 per
716 3589 888 3643 structionem
907 3591 933 3641 P
1041 3588 1114 3642 lsi*
1127 3589 1155 3642 P
1261 3589 1329 3640 utei-

88 3731 92 3738 ,
209 3693 261 3748 qua
278 3678 305 3731 P
416 3678 498 3730 dnos
517 3665 559 3728 oro
578 3675 632 3730 Sub
747 3674 982 3744 dcelebritstibus
1000 3675 1027 3728 P
1140 3675 1329 3729 inseruerimus

216 3765 281 3818 Urs:
299 3765 450 3818 miserimus
468 3763 495 3815 P
594 3762 626 3815 10
643 3777 798 3816 memoriam
815 3761 926 3828 scripsi:
948 3762 1074 3814 memoria
1092 3762 1118 3812 P
1220 3760 1252 3814 11
1270 3775 1326 3814 cum

211 3852 241 3904 10
257 3866 304 3904 rus
321 3851 349 3904 P
451 3849 588 3902 12001001
606 3849 743 3903 Pccrrc¹
845 3861 928 3899 anuos
946 3847 1081 3902 Pcorrd
1187 3845 1219 3899 13
1237 3860 1329 3899 ueram

211 3935 365 3990 Meursiaa:
383 3934 482 3988 usraP
583 3936 726 4004 explicatae
738 3933 794 3988 sab
895 3934 929 3986 14
946 3949 996 3986 nus
1014 3934 1139 3987 Pcorrc
1242 3934 1328 3986 statu·

211 4023 248 4076 tis
266 4021 396 4077 00011110
414 4036 475 4076 corr
493 4020 520 4073 P
537 4020 616 4074 statis
636 4020 690 4075 Sub
817 4019 1000 4072 intermittitis
1020 4019 1074 4073 Sub
1199 4019 1233 4072 16
1250 4034 1330 4088 quam

210 4107 308 4162 addidi
384 4108 418 4161 18
430 4106 639 4162 circumnolbitis
651 4108 678 4158 P
688 4121 750 4159 corr
828 4107 861 4160 19
873 4105 996 4159 lanarum
1010 4105 1079 4159 Sub:
1092 4121 1223 4176 uenarum
1236 4105 1263 4158 P

212 4194 409 4248 laMeuraius:
426 4195 480 4248 iam
493 4195 518 4246 P
601 4191 778 4246 Poscentexit
791 4193 818 4246 P
902 4191 1001 4259 teporis
1014 4192 1083 4245 Sub.-
1100 4189 1267 4260 temporiaP

212 4280 387 4336 2111101οω10
406 4281 433 4334 P
562 4273 776 4334 2401111110οΡ
900 4277 934 4331 25
951 4276 1025 4332 Galli
1044 4278 1114 4331 aab:
1142 4275 1264 4344 galliiP

211 4365 246 4419 26
263 4366 363 4420 acdesti
375 4367 403 4419 P
503 4365 536 4417 21
553 4364 687 4418 tlreiulatn
704 4364 732 4417 P
743 4379 804 4418 corr·
