2888 5008
531 520 630 576 nuber
652 519 713 576 vn.
737 493 739 500 ’
1112 522 1172 594 257

60 692 154 758 cenni
175 693 327 774 posituros
348 695 483 759 montem
504 691 629 776 fierique
652 709 690 760 er
710 695 766 762 hoe
788 697 897 762 bonos:
925 697 1017 780 atque
1038 697 1084 763 ita
1105 709 1175 782 pcr-

60 794 189 860 ducitnr
218 807 274 860 res·
294 812 328 861 oo
355 796 391 860 ut
416 807 512 878 neque
533 797 567 862 hi
589 796 705 863 danieli
735 807 832 880 neque
852 797 902 864 iili
924 799 987 864 sint
1008 798 1089 865 laeui
1111 803 1174 880 aut,

61 898 148 980 qnod
168 897 234 964 ficri
256 905 316 964 non
331 899 441 983 potes-t,
464 901 585 985 uitrique
598 901 659 983 ipsi
673 901 736 966 sint
750 890 866 968 dexteri
881 903 912 967 et
927 902 1050 984 utrique
1062 902 1176 968 iterum
1269 926 1272 936 ·

60 1001 157 1065 laeui
191 1001 280 1081 esto·‚·
300 1003 481 1069 concedatur
501 1003 728 1070 infelicissimas
754 1005 883 1087 pecudes
904 1022 963 1070 non
984 1005 1048 1072 sine
1070 1005 1222 1088 aliquotl

37 1104 226 1186 ereligionis
249 1104 348 1170 officio
370 1105 513 1171 ‹linorum
535 1110 615 1189 apud
636 1107 752 1189 templa
774 1107 902 1173 mactari
924 1111 955 1172 et
975 1108 1054 1190 quod
1069 1125 1104 1173 er
1118 1115 1177 1174 u'en

63 1205 297 1272 consuetudinis
328 1207 445 1274 facturn
478 1211 524 1274 est
556 1209 686 1276 rationis
720 1209 866 1275 alicuine
885 1227 1009 1276 causam
1041 1211 1183 1294 aliquam

64 1309 234 1375 contineret
267 1309 320 1376 sed
342 1311 369 1374 si
391 1311 588 1396 magnificum
610 1312 733 1378 uidetur
755 1313 847 1395 atquc
877 1313 1014 1395 amplum
1035 1313 1175 1398 iugulare

64 1410 134 1474 diis
150 1414 262 1492 tauros,
285 1413 312 1479 si
333 1412 479 1494 inlibata,
509 1414 536 1480 si
558 1414 658 1480 solita
679 1417 865 1481 concremari
887 1399 1091 1482 animantium
1112 1417 1183 1483 uis:

65 1525 148 1592 cera,
172 1515 246 1597 quid
267 1516 327 1582 sibi
348 1517 465 1599 reliqua
486 1517 560 1584 haec
581 1515 691 1583 nolunt
715 1529 876 1602 magorum
899 1519 1091 1585 cohaerentia
1112 1519 1177 1585 ciis·

24 1645 52 1684 ro
64 1617 201 1701 niminis,
226 1636 302 1700 quae
323 1619 355 1683 in
377 1636 533 1685 sacrorum
558 1621 722 1686 reconditis
735 1629 736 1634 ’
748 1621 871 1705 legibus
892 1621 1079 1704 pontificalia
1093 1624 1114 1703 t
1129 1639 1177 1688 re·

64 1722 196 1788 stituere
221 1722 367 1806 mysteria
394 1725 426 1788 et
452 1723 543 1790 asbus
570 1724 722 1790 inseruere
751 1725 887 1790 diuinis?
919 1721 1007 1808 qnid,
1041 1725 1176 1808 inquam,

64 1825 129 1889 sibi
161 1825 236 1890 haec
269 1827 392 1892 uolunt:
429 1843 592 1910 apamenos
623 1827 737 1893 hirciae
759 1828 912 1893 silicernia
933 1827 1079 1913 longanii
1101 1843 1178 1909 quae

65 1928 141 1994 sunt
169 1927 293 1993 nomina
318 1929 350 1994 et
377 1928 571 1994 farciminum
598 1939 725 2014 genet-a,
758 1930 899 2012 hirquino
926 1931 987 1996 alia
1015 1930 1170 2015 sanguine,

65 2031 265 2097 comminutis
298 2032 359 2098 alia
394 2033 547 2097 inculcata
578 2033 783 2115 pulmonibus.
810 2031 815 2119 Ι
840 2033 913 2116 qnid
946 2033 1064 2112 taedae,
1099 2030 1191 2116 quide.
1204 2051 1266 2104 146b

27 2165 54 2204 15
64 2134 191 2213 neniae,
222 2135 296 2218 quid
317 2136 392 2202 offae
420 2155 479 2201 non
501 2135 588 2220 uulgi
616 2136 665 2201 set
684 2134 795 2218 quibus
813 2137 860 2200 est
874 2150 983 2201 nomen
998 2135 1178 2220 appellatio-

61 2255 128 2318 que
150 2238 296 2319 penitae?
329 2257 365 2303 ex
386 2239 598 2321 quibusquod
619 2238 755 2322 primum
777 2237 841 2318 est,
872 2238 903 2302 in
926 2240 1049 2322 exiguas
1071 2238 1178 2304 aruino

66 2339 117 2404 est
144 2340 272 2406 miculas
301 2340 524 2406 catillaminum
550 2340 668 2406 insecta
694 2340 730 2404 cle
758 2351 858 2418 mone,
890 2339 970 2422 quod
996 2340 1179 2406 insecundo

66 2443 167 2509 situm
194 2443 255 2522 cst,
284 2442 424 2508 intestini
452 2447 498 2510 est
524 2443 686 2528 pensatio,
714 2458 768 2524 per
790 2454 882 2525 quam
903 2442 1061 2527 pmlunies
1079 2442 1186 2508 editur

67 2546 155 2611 sucis
174 2545 376 2628 perexsiccata
398 2546 556 2612 uitalibus.
591 2546 651 2612 olla
673 2549 777 2611 autem
798 2546 901 2630 penita
923 2548 971 2611 est
993 2562 1062 2612 cum
1083 2546 1179 2629 parti·

29 2651 139 2715 aocnlc
169 2650 296 2715 uisceris
328 2650 425 2720 cauda
456 2650 572 2733 pecoris
605 2650 773 2732 amputata.
807 2650 881 2732 quid
909 2649 1071 2732 polimina,
1106 2649 1178 2732 quiri

66 2754 207 2831 omenta,
238 2752 461 2836 europenses
489 2753 555 2818 eine
588 2753 624 2816 ut
651 2753 775 2835 qnidam
808 2752 1023 2836 cognominant
1055 2751 1181 2835 plasea?

67 2875 105 2920 ex
120 2855 237 2938 quibus·
249 2855 295 2922 est
309 2856 467 2921 omentum
482 2873 551 2939 pars
567 2854 725 2939 quasdam,
748 2872 808 2937 qua
821 2854 1010 2938 receptacula
1025 2854 1181 2920 nentrinm

68 2957 281 3024 circumretita
302 2958 467 3037 liniuntur,
495 2957 584 3024 bouis
606 2958 701 3024 cauda
723 2958 769 3022 cst
790 2957 893 3040 plasea
914 2957 1035 3041 siligine
1057 2960 1088 3022 et
1110 2973 1180 3024 san-

68 3061 165 3147 guina
187 3061 340 3143 imitate,
367 3062 517 3145 polimina
537 3077 626 3145 porro
648 3062 720 3126 sunt
735 3076 874 3143 eaquae
896 3073 959 3126 nos
972 3061 1071 3144 proles
1093 3077 1179 3126 nere·

106 3317 123 3370 2
141 3331 183 3372 eo*
199 3318 227 3371 P
333 3318 350 3371 9
367 3317 518 3372 coherentia
534 3304 563 3371 P
671 3317 704 3373 10
721 3317 860 3372 instituere
883 3317 898 3371 ,2
1003 3316 1035 3398 11
1052 3317 1183 3371 inseruere

69 3401 144 3456 Sat.-
170 3401 296 3456 inseruire
313 3401 340 3456 P
450 3402 483 3455 12
507 3401 620 3470 sperabo
645 3398 699 3458 coo
727 3401 885 3471 apexabones
902 3399 1117 3457 Haemimontus

68 3485 179 3556 hirciae]
203 3486 292 3542 issicia
310 3487 365 3542 cao
496 3486 605 3557 longasi
622 3486 712 3542 Saloe.-
736 3487 860 3557 longaeui
877 3487 905 3542 P
926 3488 1039 3556 longauo
1063 3486 1117 3542 aaa

70 3571 109 3627 13
125 3572 260 3628 ominaP
271 3589 333 3629 corr
450 3572 616 3628 farciminum
640 3572 709 3628 aaa:
738 3573 882 3628 facinorum
900 3573 927 3626 P
1043 3571 1096 3626 alia
1114 3571 1185 3628 Sat:

69 3657 141 3712 alias
157 3657 184 3712 P
318 3659 355 3713 14
374 3657 475 3729 taccias]
493 3661 583 3713 tuceta
604 3658 653 3714 (iet
675 3658 762 3713 terias
779 3659 928 3714 Salmasius
945 3659 982 3713 cd
998 3657 1080 3714 Solios
1100 3673 1130 3727 p.
1149 3661 1185 3713 90

70 3742 304 3800 codaeMeareiae
406 3744 439 3800 15
448 3745 552 3799 taeniae
564 3744 691 3815 Scaliper,
708 3744 759 3800 Ure
859 3743 1075 3814 nnlgissdaiat:
1092 3741 1184 3813 uulgis

70 3837 148 3900 et'P
247 3849 281 3902 16
297 3845 403 3927 perlitas
421 3847 491 3903 Sole.-
508 3840 626 3917 partitae
644 3849 671 3899 P
767 3847 798 3901 17
817 3843 1008 3902 catillaminum
1024 3845 1182 3902 Macestus:

71 3931 297 3987 catsillar'ninnam
316 3930 346 3988 P
366 3935 395 3987 at
412 3933 461 3987 illa
477 3933 603 3988 mmnffim
621 3932 676 3988 Sat
793 3933 829 3988 18¹
843 3932 963 3988 intistini
980 3932 1008 3987 P
1023 3942 1116 3988 corto

72 4018 117 4072 est
142 4018 269 4087 porrectio
295 4022 336 4072 est
359 4019 387 4072 P
403 4027 464 4073 cerr
597 4019 725 4086 porrectio
750 4014 813 4072 Bab*
936 4011 1119 4087 prolubicsP

73 4103 112 4159 19·
121 4103 241 4173 percocta
252 4103 283 4159 et'
291 4102 457 4159 exsiccata?
524 4103 632 4173 pennite
645 4104 674 4158 P
747 4103 958 4172 20anpntataP
1034 4103 1066 4156 21
1079 4104 1185 4157 omenta

73 4187 146 4245 Sat.-
172 4188 306 4245 menate
328 4190 356 4245 P
483 4189 602 4258 pelasiea
625 4189 653 4243 P
776 4188 870 4258 plasca'
885 4184 947 4243 Gai:
973 4189 1075 4258 plassea
1091 4189 1120 4243 P

73 4276 109 4330 22
127 4290 157 4329 ex
171 4265 216 4330 'era
228 4273 290 4330 ‘Ura
391 4275 528 4330 omentum
544 4274 657 4343 scripsi:
673 4286 767 4329 nomen
785 4275 885 4328 omenti
903 4271 930 4328 P
946 4273 1043 4327 omenti
1066 4272 1117 4328 Ure

76 4376 130 4428 qua
147 4361 258 4429 aenea:
280 4375 330 4429 qno
349 4360 377 4415 P
476 4359 510 4414 28
526 4359 602 4415 bonis
624 4359 689 4416 Get.-
710 4359 785 4414 nobis
803 4359 830 4414 P
928 4358 963 4412 24
979 4357 1098 4412 delibuta
1116 4358 1186 4414 Set.-

77 4445 196 4500 dilibuta
212 4447 241 4501 P

181 4549 228 4606 lv.
587 4588 590 4593 -
1053 4547 1086 4602 ll
