2950 5006
577 497 675 556 nanee
696 499 732 555 11.
1170 502 1210 569 67

92 668 239 750 puluiuus
269 669 460 756 mucinnium
492 671 581 737 laena
612 672 762 738 calantica
793 672 926 739 mantne
958 673 1113 740 mastruca
1144 691 1211 740 soc·

93 789 148 836 cus
187 771 269 836 solea
304 773 445 843 eleum
482 775 555 857 quid
588 775 616 840 si
648 775 761 841 adicies
795 793 938 858 quaerero
969 780 1036 841 roto
1068 776 1142 858 quid
1167 775 1214 842 'sit

93 876 150 940 aut
180 873 305 953 tribule,
339 893 458 941 uennus
480 875 598 942 dolium
623 895 710 962 cupa,
745 879 901 961 trapetum
934 880 1033 944 nomia
1065 879 1131 945 aut'
1150 880 1210 945 cri·

92 979 194 1056 hrum,
217 978 300 1043 mola
321 977 406 1044 buris
428 979 483 1043 aut
503 972 679 1046 sarculum?
701 981 775 1064 quid
796 981 923 1064 arquata
944 982 971 1047 si
993 983 1113 1062 sellula,
1137 1001 1210 1048 ecus

49 1104 65 1144 c
92 1083 226 1170 strigilis
255 1081 420 1166 polubrum
449 1082 662 1166 siliquastrum
689 1084 785 1149 trulla
813 1085 965 1151 lancicula
993 1074 1210 1151 candelabrum

90 1187 229 1273 pattioce
262 1201 369 1267 scopae
402 1185 547 1269 scyphus·-
566 1189 692 1252 saccus?
729 1187 802 1270 quid
839 1189 865 1253 si
898 1187 1017 1254 cithera
1050 1183 1128 1255 tibia
1162 1207 1209 1254 er-

91 1291 220 1376 gentum
247 1308 298 1355 aes
326 1309 434 1356 eurum
461 1291 553 1356 codex
580 1290 685 1374 radius
712 1291 813 1356 liber?
846 1291 921 1374 quid
946 1291 1153 1372 instrumente
1181 1292 1208 1360 si

91 1395 193 1460 cetera
222 1391 333 1477 quibus
361 1393 428 1459 uita
456 1393 646 1476 succingitur
667 1394 699 1459 et
721 1393 894 1462 continetur
914 1395 1069 1461 humana?
1099 1397 1146 1462 ite
1172 1396 1209 1462 ut

91 1497 226 1564 diximus
248 1497 304 1563 illc
325 1514 385 1563 non
406 1497 494 1562 bouis
516 1499 580 1563 ritu
602 1499 657 1563 eut
679 1499 773 1578 asini,
806 1499 890 1582 porci
912 1499 1015 1565 antei
1039 1498 1140 1564 ullum
1161 1500 1208 1565 est

48 1619 79 1658 1⁰
89 1601 211 1666 animal
232 1600 366 1680 urdine,
395 1599 562 1684 conspiciat
584 1601 657 1666 haec
684 1601 809 1684 quidem
830 1602 1015 1668 formaturas
1036 1602 1137 1668 uerus
1158 1621 1207 1668 re·

91 1698 234 1788 sptcteus
264 1703 316 1769 sed
332 1722 424 1785 *ques
452 1703 513 1768 sint
542 1703 676 1788 singule¹
695 1704 836 1771 nesciens
858 1704 889 1769 ct
910 1723 1002 1787 quem
1029 1703 1063 1768 in
1085 1723 1207 1770 causam

89 1806 304 1889 possideantur
332 1807 499 1890 ignorans?
530 1823 630 1871 nonne
652 1823 757 1871 uocem
779 1807 806 1871 si
828 1805 923 1871 fuerit
945 1808 1126 1874 nocmsitatc
1140 1807 1206 1874 eli·
1293 1790 1296 1807 '

92 1929 153 1992 que
186 1911 308 1976 coactus
342 1909 496 1989 emittere,
531 1911 567 1974 ut
595 1909 730 1975 solemne
759 1911 806 1975 est
828 1910 940 1990 mutis,
970 1910 1205 1978 inarticulatum

89 2013 195 2078 nescio
209 2012 295 2097 auid
324 2030 375 2077 ore
404 2013 508 2078 hiante
537 2013 706 2079 clamabit?
738 2013 812 2096 quid
833 2014 867 2077 in
890 2013 1033 2093 Menona,
1064 2015 1202 2096 oPleto‚
1214 2016 1254 2080 14

47 2117 239 2199 aequaeuam
257 2112 436 2181 'renonibus
466 2116 586 2181 numeri
615 2116 738 2181 admota
760 2135 796 2181 ar
817 2117 960 2200 puerculo
982 2117 1149 2183 sciscitaris
1171 2119 1204 2184 et

89 2239 126 2287 ex
148 2220 212 2284 cius
234 2219 344 2287 niteris
365 2219 613 2302 responsionibus
639 2220 844 2303 comprobare,
867 2238 945 2302 quac
966 2219 1118 2285 damnans
1140 2239 1201 2286 non

89 2323 205 2390 discere
234 2322 346 2388 sedin
375 2341 479 2388 eorum
508 2321 688 2388 memoriam
717 2341 795 2405 quae
824 2322 994 2405 antiquitus
1019 2341 1203 2391 noueremus

88 2425 212 2490 redire?
244 2425 299 2509 qui
328 2425 355 2490 si
384 2424 443 2490 tibi
472 2444 544 2490 uero
565 2426 726 2510 respondet
741 2463 784 2472 -
797 2443 856 2491 uon
879 2425 961 2491 anim
981 2443 1035 2493 nos
1060 2427 1202 2493 conuenit

87 2528 181 2594 fidem
196 2529 287 2594 rebus
301 2527 477 2594 ebiudicera
492 2547 566 2610 quas
581 2529 658 2595 dicis
672 2565 715 2577 -
729 2545 790 2594 non
805 2547 906 2594 rerum
928 2529 1056 2595 scientia
1077 2531 1129 2596 scd
1150 2530 1201 2596 in·

45 2630 272 2718 sotellsgentia
295 2631 424 2710 ducitur,
448 2633 479 2697 et
501 2651 537 2696 ex
561 2651 595 2698 eo
617 2634 697 2714 quod
719 2631 838 2714 aliquos
858 2641 999 2698 numeros
1025 2632 1201 2698 cottidianis

86 2736 181 2801 hebet
206 2756 243 2802 cx
272 2736 377 2801 usibus
406 2737 493 2802 notos
522 2736 559 2800 fit
586 2738 621 2802 ut
648 2739 792 2818 sequatur
819 2737 945 2820 rogetus
967 2737 999 2800 et
1019 2736 1088 2820 ipsa
1110 2735 1200 2801 illum

86 2856 206 2922 semper
231 2837 236 2924 l
261 2838 530 2922 multiplicationis
551 2838 682 2905 adducet
696 2838 835 2905 eccmsic.
867 2839 974 2921 quodsi
989 2857 1060 2905 uere
1074 2838 1199 2904 confidis
1207 2843 1287 2901 neo*

85 2941 280 3008 immortales
302 2943 361 3008 huc
386 2942 504 3008 enimes
527 2942 559 3009 et
578 2944 688 3025 plenas
710 2941 857 3007 scientiae
877 2942 1050 3025 percolere,
1079 2941 1201 3009 adules-

87 3045 244 3123 centulum
266 3045 362 3110 istum
385 3065 492 3130 rogere
513 3045 661 3124 desinito,
695 3063 786 3127 quom
813 3063 879 3110 csse
901 3045 1048 3129 conspicis
1070 3063 1200 3134 gnarum

46 3165 190 3212 asuerum
219 3149 251 3213 et
279 3149 483 3214 humanitatis
516 3167 581 3214 esse
609 3148 641 3213 in
674 3147 786 3214 tinibus
820 3148 1038 3215 constitutum:
1072 3149 1200 3231 quadra·

87 3249 246 3334 ganarium
267 3251 364 3317 istum
386 3253 425 3317 ed
446 3253 478 3317 te
499 3269 574 3317 noca
590 3253 622 3317 ct
637 3270 672 3317 cx
694 3268 728 3316 eo
742 3253 917 3333 percontare
938 3269 999 3318 uon
1024 3251 1199 3318 abstrusum

191 3404 224 3459 14
241 3419 265 3472 p.
283 3404 318 3458 82
335 3419 390 3473 sqq.

119 3541 213 3596 lrlena
229 3540 257 3595 P
357 3541 499 3596 celeeutice
516 3542 544 3597 P
560 3541 633 3595 utica
652 3540 815 3596 Sobtunice
837 3540 1032 3596 deculcatione
1056 3540 1131 3596 datm
1249 3589 1253 3594 ,

84 3644 176 3684 soccus
194 3627 266 3682 soloe
282 3627 384 3682 calceus
403 3625 473 3681 cao.-
496 3643 581 3682 scccos
599 3626 670 3681 solox
688 3626 787 3681 calceos
804 3627 832 3680 P
954 3626 1093 3696 aquierere
1111 3626 1139 3680 P
1156 3640 1198 3680 ora

84 3715 140 3771 nae
199 3735 202 3742 ¹
253 3713 322 3782 rota]
341 3713 419 3766 trahe
441 3713 494 3767 Ure
612 3710 969 3767 numerumnunerum
987 3712 1015 3765 P
1125 3710 1198 3767 4sit

82 3800 305 3856 Elmeoleorsttus
406 3798 531 3868 5strigil
549 3798 604 3852 Sale
704 3796 843 3868 polubrum
865 3798 930 3853 Gal:
948 3793 1086 3853 colubrum
1103 3797 1131 3851 P

82 3885 213 3942 lenticula
241 3885 293 3940 Ure
410 3885 427 3939 6
448 3883 578 3952 petticeas
598 3883 625 3937 P
644 3898 686 3938 oen
707 3882 763 3938 Sub
789 3882 904 3938 batiolae
922 3883 1065 3954 Macestus
1090 3881 1202 3952 batiaca!

82 3972 161 4028 Soleo
261 3987 354 4042 scopae
370 3970 433 4026 Get:
451 3971 559 4040 scophee
576 3969 604 4024 P
703 3985 779 4024 sacua
792 3969 820 4024 P
920 3967 944 4022 si
962 3967 1032 4024 Sub.-
1049 3967 1086 4022 sit
1103 3967 1131 4021 P

21 4095 27 4103 -
82 4057 185 4112 cithare
202 4057 229 4111 P
245 4072 306 4112 corr
424 4056 556 4128 laurum,
569 4073 611 4110 om
628 4055 682 4110 neo
795 4054 904 4110 libonis
927 4055 993 4110 Urs.-
1011 4053 1087 4109 nobis
1104 4054 1132 4108 P

82 4144 116 4197 11
135 4142 180 4197 ned
204 4142 269 4198 Urs:
294 4144 321 4196 et
338 4144 363 4196 P
481 4142 513 4195 13
530 4140 613 4196 mutis
634 4141 699 4196 Gal:
722 4141 816 4196 multia
834 4141 862 4195 P
973 4141 1006 4194 14
1024 4139 1151 4194 clamauit
1168 4140 1197 4195 P

82 4243 175 4284 corre
277 4228 310 4283 15
326 4227 428 4282 numofi
441 4226 511 4282 Sat:
527 4227 629 4281 muneri
645 4226 673 4280 P
774 4226 918 4281 sciscitaris
935 4227 962 4279 at
979 4225 1049 4281 Sat.-
1066 4225 1195 4285 sciscitari

83 4313 128 4369 sad
144 4314 172 4368 P
273 4313 306 4368 16
323 4329 388 4384 quea
406 4313 473 4370 Sat:
491 4329 556 4382 ques
572 4312 600 4367 P
701 4314 734 4368 19
752 4312 901 4368 adiudicare
919 4310 974 4366 Sub
1075 4311 1108 4364 23
1125 4310 1196 4366 hunc

82 4400 110 4455 P
128 4415 188 4454 corr
311 4400 346 4454 24
368 4416 478 4469 gnarum
500 4399 567 4455 Ure.-
592 4399 715 4468 ignarum
732 4399 760 4454 P
870 4398 911 4454 25
933 4412 988 4461 essa
1008 4395 1052 4452 del
1073 4383 1127 4452 Urs

83 4485 117 4541 26
134 4487 301 4555 percontrane
318 4487 416 4542 Pcorr
1048 4533 1091 4588 ὁ,
