2888 5008
266 466 328 536 242
567 465 710 520 Arnobii
736 464 896 522 aduusrsus
919 467 1078 521 nationes

179 656 197 709 f.
209 635 447 720 inrumpentis,
479 653 539 704 uon
572 637 657 714 decu,
684 635 690 720 Ι
714 635 826 718 quibus
852 656 890 702 ne
923 637 1063 707 sanum
1084 636 1257 704 concitatae
1280 639 1317 704 ot
1340 658 1389 704 ca·

266 759 392 806 asarum
412 739 581 810 discutiant
601 737 754 818 claustra,
784 739 932 806 obiectari
953 739 1048 806 moris
1070 743 1117 806 est
1139 759 1222 806 escas
1251 741 1289 806 in
1314 759 1389 823 quas

252 843 369 912 nabide
395 843 536 912 saunaut
562 844 597 908 ct
624 841 799 925 cupidinem
814 843 991 908 ·ucxatiouis
1013 842 1174 908 inclinent.
1207 845 1388 910 sinautem

263 946 328 1014 iam
361 945 488 1014 feruidis
524 946 615 1027 atque
648 945 859 1030 indignatione
889 945 1092 1030 flagrantibus
1115 947 1298 1016 acumem
1329 948 1389 1014 ista

150 1075 169 1108 e
264 1050 482 1116 suentisiorum
504 1049 677 1134 oggeritur,
704 1066 764 1116 non
785 1051 923 1133 inquiro,
951 1067 1011 1116 non
1032 1051 1136 1134 exigo,
1156 1069 1196 1116 an
1217 1051 1279 1116 iila
1303 1048 1411 1118 lanus

266 1155 297 1220 ot
318 1153 461 1220 sublimis
484 1153 738 1237 magnanimitas,
754 1153 917 1220 numinum
938 1154 1194 1222 homunculorum
1215 1154 1388 1220 offensione

267 1259 428 1328 moueatur
449 1255 621 1339 habeatque
642 1273 697 1340 pro
718 1257 854 1337 uulnere,
878 1257 905 1322 si
926 1258 1000 1340 quid
1021 1258 1137 1324 animal
1149 1275 1280 1326 mecum
1297 1262 1388 1342 atquc

264 1359 304 1432 iu.
317 1359 450 1426 nubibus
472 1378 590 1442 semper
612 1359 814 1445 ignorationis
836 1360 979 1430 incedens
1006 1361 1245 1446 dissignauerit,
1273 1363 1387 1428 dixeid

208 1453 210 1461 ¹
237 1469 324 1546 ique
351 1464 486 1528 illorum:
506 1463 695 1528 minueretur
722 1463 896 1530 auotoritas
919 1464 986 1530 ¹sod
1013 1482 1110 1545 neque
1137 1463 1217 1533 iilud
1245 1465 1315 1532 dici
1338 1467 1387 1532 aut

251 1565 370 1636 ..audire
389 1567 543 1650 deposco,
571 1583 646 1649 quas
675 1566 793 1634 uarum
815 1566 848 1634 iu
868 1566 1007 1635 homines
1032 1566 1170 1636 habeam
1197 1568 1246 1632 dii
1268 1587 1410 1646 caucaso

131 1662 137 1673 '
265 1669 301 1735 ut
328 1668 483 1734 munificiis
509 1667 642 1735 debeant
673 1669 830 1736 contracta
857 1669 1022 1736 offensione
1049 1670 1196 1737 mulceri:
1227 1671 1387 1754 ¹numquid

265 1771 384 1854 aliquas
406 1772 490 1856 legas
511 1790 635 1840 sanxere
657 1772 1026 1855 abquonuemortalinue
1048 1774 1323 1857 constitutumque
1346 1777 1387 1840 eet

267 1875 306 1947 ab
327 1874 376 1940 his
398 1892 555 1956 umquam,
578 1875 653 1958 quid
674 1893 725 1941 eos
748 1894 837 1961 agere
858 1876 1036 1942 conueniret
1057 1877 1109 1942 uel
1122 1876 1198 1962 quid
1211 1896 1289 1958 non,
1316 1878 1386 1961 quid

264 1979 449 2056 consectari,
477 1975 553 2060 quid
581 1978 701 2061 fugere,
728 1978 781 2044 nel
802 1979 860 2044 coli
882 1997 914 2044 sc
936 1980 1049 2046 saltem
1076 1979 1188 2062 quibus
1209 1981 1385 2047 rationibus

265 2083 418 2170 cuperent,
441 2084 477 2150 ut
499 2081 589 2151 alitor
611 2099 705 2166 quam
726 2081 953 2166 imperauerant
974 2084 1063 2166 gesta
1084 2083 1260 2150 ultionibus
1283 2103 1408 2167 persen

264 2186 432 2268 querentur
462 2185 579 2256 uanam
612 2185 848 2274 contemptique¹
869 2204 901 2251 se
931 2187 1051 2254 uellent
1079 2187 1117 2254 dc
1150 2186 1326 2254 audacibus
1358 2190 1385 2253 et

163 2334 165 2340 -
265 2287 540 2372 transgressoribus
562 2287 743 2354 uindicare?
765 2290 801 2358 nt
822 2290 938 2371 opinor,
960 2288 998 2354 ab
1020 2289 1069 2356 his
1092 2309 1264 2372 numquam
1288 2310 1385 2374 neque

263 2391 466 2461 consutorum
489 2391 536 2456 cst
558 2390 676 2472 aliquid
698 2409 795 2478 neque
816 2391 980 2470 sancitum,
1004 2393 1149 2474 quoniam
1168 2411 1227 2461 nco
1248 2394 1317 2460 uisi
1332 2395 1385 2459 aii-

263 2494 393 2577 qundo,
409 2513 506 2577 usquc
517 2495 548 2563 si
563 2495 637 2565 sunt
650 2493 718 2574 ulli
735 2495 927 2576 apertissima
947 2496 1002 2576 pot
1026 2495 1050 2562 't
1065 2496 1239 2580 cognitione
1255 2498 1383 2564 dinosci.

265 2607 415 2680 quaenam
437 2599 484 2664 est
506 2615 577 2682 ergo
598 2597 729 2676 iustitia,
753 2597 855 2664 uteie
877 2597 916 2662 cb
940 2598 1058 2682 aliquas
1081 2617 1187 2669 causas
1208 2601 1408 2668 inescantur]

249 2702 307 2770 dii
334 2703 459 2772 oachim
487 2701 602 2784 quibus.
624 2720 721 2784 ncquc
735 2719 775 2769 ,sc
797 2719 862 2768 esec
883 2703 1053 2768 monstrare
1075 2702 1240 2786 aliquando
1263 2704 1386 2788 dignati

264 2806 337 2871 sunt
362 2825 458 2888 neque
486 2805 567 2870 ullas
589 2804 806 2878 dederintant
828 2805 1136 2890 imposuerintlcgcs
1158 2825 1234 2888 quas
1263 2808 1385 2873 ooliab

239 2908 314 2975 Sinis
335 2908 455 2978 uellent¹
472 2911 504 2973 et
524 2907 699 2976 inuiolabili
722 2908 917 2975 obsecutione
936 2909 1075 2975 seruari?
1097 2909 1150 2974 scd
1175 2909 1234 2974 hoc
1258 2911 1298 2974 nt
1326 2911 1386 2976 dixi

264 3015 418 3093 praetereo
448 3013 479 3078 et
506 3011 630 3077 silentio
658 3012 759 3094 patior
786 3012 870 3076 abire
898 3012 1054 3082 donatum.
1088 3031 1185 3084 uuum
1207 3012 1295 3076 illud
1317 3032 1385 3096 prae

264 3114 406 3180 omnibus
433 3132 559 3196 quaero:
591 3132 669 3197 quac
691 3133 784 3180 causa
806 3115 866 3193 set,
894 3117 930 3180 ut
952 3116 979 3180 oi
1004 3125 1059 3201 ego
1086 3133 1213 3197 porcum
1236 3115 1409 3194 occideres

164 3218 340 3284 arautem
362 3220 462 3285 mutet
488 3220 492 3301 1
518 3217 673 3284 adiectum
695 3218 873 3301 animosque
893 3220 924 3284 et
938 3220 1055 3286 rabiem
1069 3220 1177 3301 ponat,
1201 3220 1229 3288 si
1245 3220 1385 3302 gallinu-

265 3321 339 3400 lam,
355 3321 497 3393 ,uitulum
519 3321 576 3386 sub
598 3321 683 3386 illius
706 3321 803 3387 oculis
826 3323 917 3404 atque
933 3323 1084 3388 altaribus
1100 3339 1310 3412 concremaro,
1334 3323 1384 3388 ob·

263 3424 411 3493 liuioncm
432 3424 558 3490 inducat
578 3425 708 3491 iniuriae
730 3426 761 3489 ct
783 3425 821 3490 ab
839 3443 930 3493 sensu
944 3426 1068 3507 penitus
1083 3425 1261 3496 offensionis
1276 3427 1385 3492 abaco·

264 3529 339 3593 dat?
371 3528 445 3611 quid
466 3527 506 3594 ad
527 3527 591 3595 eius
613 3528 747 3594 dolorem
770 3547 806 3592 ox
827 3547 916 3612 opere
937 3529 994 3594 hoc
1016 3529 1146 3612 migrat,
1159 3541 1161 3548 ’
1176 3529 1232 3593 aut
1254 3529 1385 3596 remedii

260 3631 351 3696 ,auius
373 3635 421 3698 aab
442 3649 544 3714 anser,
567 3650 657 3712 caper
679 3633 870 3713 audeonus,
898 3634 934 3701 ut
955 3651 990 3699 ex
1011 3631 1085 3702 cius
1101 3651 1205 3698 cruore
1227 3634 1410 3698 madicinau

263 3733 445 3800 adhibeatur
470 3735 573 3799 irato?
606 3753 715 3818 ergone
742 3733 870 3800 iniurias
898 3753 968 3800 suas
996 3735 1041 3799 dii
1070 3734 1208 3800 ucndunt
1231 3737 1333 3817 atque
1353 3736 1385 3800 ut

297 4057 312 4110 1
325 4057 471 4110 concitatae
479 4057 542 4122 Sub,
553 4073 585 4111 r:
596 4057 721 4114 concitati
730 4058 758 4112 P
825 4057 842 4110 3
853 4057 959 4112 rauidae
968 4057 996 4111 P
1004 4055 1121 4120 rabidsc
1132 4057 1242 4120 rabidae
1256 4057 1317 4112 Sub

263 4141 454 4202 blauta'Ur'a:
471 4143 542 4204 laaba
560 4144 590 4219 Ρἶ
605 4143 675 4201 elata
691 4143 839 4205 Herbidus
899 4143 1116 4212 8dcsignaucuit
1134 4143 1213 4223 [iobx
1261 4143 1297 4197 10
1309 4144 1385 4214 quasi

257 4243 355 4296 ,pamm
374 4229 428 4287 Sub
534 4230 698 4290 homincsP
799 4229 1013 4288 nannenten
1110 4229 1152 4284 ’18
1170 4228 1270 4296 aliquit
1288 4230 1321 4284 P

265 4315 386 4369 sanctum
410 4315 463 4371 Sub
588 4316 620 4372 19
643 4315 703 4384 ulli]
717 4315 780 4368 uisi
802 4314 858 4370 Sub
979 4316 1012 4369 21
1037 4331 1064 4392 ss
1087 4314 1153 4384 cese]
1177 4330 1233 4368 sssc
1258 4313 1321 4370 Sub

263 4397 297 4452 23
314 4402 355 4453 et·
369 4401 396 4454 P
494 4401 529 4454 24
545 4401 618 4454 abins
639 4400 703 4454 Get:
721 4399 794 4454 obire
812 4400 839 4453 P
939 4401 974 4456 18
990 4400 1114 4468 paenitus
1132 4400 1161 4453 P
