2916 5010
265 459 306 525 72
566 455 710 514 Arnobii
728 457 890 514 aduersus
907 458 1065 514 nationes

262 665 398 729 unquam
430 647 559 714 meritus
591 652 767 730 nuncupari.
812 665 883 714 cum
915 647 999 714 onim
1025 665 1081 713 uos
1112 644 1265 729 oporteret
1293 643 1381 709 uiros
1452 615 1453 684 Ῐ

262 749 338 816 recti
378 749 469 832 atquo
509 750 700 837 integritatis
742 751 882 817 auctores
923 750 1055 834 typhum
1092 749 1123 813 st
1165 747 1383 830 adrogantiam

262 849 417 936 frangero,
453 869 582 935 quorum
626 850 685 917 alis
721 851 823 917 cuncti
860 849 1037 916 extollimur
1072 849 1104 915 et
1139 846 1223 913 inani
1260 846 1383 912 disten·

262 954 364 1024 dimur
387 955 541 1035 uanitate,
563 970 622 1020 non
643 954 767 1020 tantm
788 954 924 1021 accidere
951 953 1034 1018 mala
1060 952 1122 1016 ista
1151 969 1211 1016 non
1236 950 1383 1027 censetis,

261 1077 369 1126 nomm
397 1057 476 1142 qnod
505 1057 632 1144 grauim
659 1057 760 1122 multo
782 1058 846 1136 est,
879 1056 1041 1123 addidistis
1071 1071 1177 1120 musas
1205 1051 1318 1135 quibus
1352 1052 1408 1117 eta

261 1158 342 1224 uitia
363 1162 531 1226 crescerent
555 1158 587 1223 ot
607 1156 843 1224 inemendabilis
865 1155 1005 1239 nequitia
1026 1157 1226 1238 permaneret.
1249 1155 1319 1238 quis
1336 1159 1386 1221 est

261 1261 341 1327 anim
363 1261 533 1341 hominum,
556 1261 697 1343 quamuis
719 1261 774 1326 ille
795 1260 838 1326 sit
859 1258 972 1324 indolis
1000 1258 1128 1325 infamia
1149 1276 1268 1342 semper
1290 1261 1387 1342 atque
1452 1283 1453 1362 l

261 1363 466 1449 ignominiosa
487 1362 645 1449 fugientis,
668 1365 814 1448 quicum
836 1362 898 1429 dici
925 1362 1067 1429 exaudiat
1093 1361 1169 1428 uiris
1199 1362 1238 1427 ab
1260 1363 1387 1446 sapien·
1452 1431 1453 1434 ,

261 1467 346 1534 tibus
361 1468 504 1548 maxime,
518 1469 704 1535 immortalis
719 1469 837 1534 animas
849 1487 914 1534 csse
933 1484 989 1532 nec
1002 1465 1136 1532 satorum
1158 1484 1222 1532 esse
1236 1466 1387 1532 obnoxias

262 1570 393 1656 legibus,
426 1590 485 1638 non
507 1572 538 1638 in
561 1572 664 1638 omnia
686 1571 806 1658 flagitia
827 1589 971 1655 praeceps
992 1588 1024 1636 so
1046 1570 1131 1649 mat,
1164 1587 1222 1636 non
1246 1588 1385 1650 securus,
1399 1594 1420 1631 rc

184 1686 218 1739 42
230 1687 248 1742 f.
262 1672 434 1757 intrepidus
455 1693 503 1741 res
525 1675 615 1741 obeat
637 1676 729 1757 atquo
748 1674 753 1761 Ι
772 1674 969 1759 adgrediatur
990 1673 1141 1753 inlicitas,
1168 1691 1228 1739 non
1250 1673 1386 1757 danique
1452 1709 1453 1714 =

264 1778 372 1844 omnia
386 1778 451 1844 suis
465 1776 685 1861 cupiditatibus
700 1777 853 1863 largiatur
876 1796 953 1860 quaa
968 1775 1066 1843 libido
1082 1777 1223 1860 inpotens
1244 1776 1386 1860 iusserit,

262 1881 446 1966 inpunitatis
467 1883 625 1966 praeterea
639 1882 734 1949 etiam
756 1881 902 1948 libertate
916 1881 1060 1946 munita?
1082 1880 1155 1965 quid
1179 1881 1263 1946 enim
1276 1881 1386 1964 prohi-

262 1983 358 2064 bebit,
381 1985 543 2067 quominus
565 1986 639 2055 haec
660 1986 775 2052 iaciat?
804 1986 905 2051 metus
932 2003 1078 2069 supernae
1106 1985 1270 2070 potcstatis
1299 1986 1386 2052 iudi-

263 2088 406 2171 ciumque
429 2088 591 2156 diuinum?
613 2093 646 2157 at
667 2091 720 2174 qui
742 2090 855 2174 poterit
885 2090 1019 2156 territari
1047 2089 1221 2155 formidinis
1251 2089 1420 2155 rheuma

262 2192 400 2272 horrore,
428 2192 478 2259 cui
499 2193 595 2260 fuerit
616 2212 795 2278 persuasum
816 2195 884 2260 tam
906 2212 938 2259 se
966 2211 1031 2260 esse
1057 2193 1267 2259 immortalem
1289 2212 1385 2276 quam

263 2296 365 2379 ipsum
386 2296 478 2362 deum
499 2298 635 2382 primum
657 2316 713 2364 nec
734 2299 772 2365 ab
795 2314 829 2363 eo
843 2297 973 2364 iudicari
995 2295 1160 2380 quicquam
1175 2297 1212 2362 de
1234 2314 1386 2379 esposse,

263 2418 334 2465 cum
355 2399 397 2465 sit
425 2420 487 2466 nna
507 2401 726 2467 immortalitas
754 2401 786 2466 in
813 2401 942 2483 utroque
973 2419 1028 2466 nec
1058 2399 1092 2465 ui
1124 2399 1252 2466 alterius
1284 2401 1387 2467 altera

216 2511 256 2574 dt
265 2503 449 2570 condicionis
470 2505 568 2588 possit
590 2504 774 2588 aequalitate
795 2504 920 2572 uexari?
947 2503 999 2570 sed
1021 2505 1209 2570 memoratae
1230 2505 1313 2587 apud
1335 2505 1386 2570 in-

264 2604 344 2674 ieros
365 2625 480 2691 poenae
502 2612 533 2674 et
554 2608 777 2693 suppliciorum
802 2607 964 2693 generibus
986 2607 1217 2673 multiformes?
1250 2608 1282 2672 et
1315 2610 1420 2693 quise

265 2712 324 2778 erit
345 2714 411 2779 tarn
433 2714 543 2779 brutus
577 2713 609 2777 et
629 2730 732 2778 romm
759 2711 987 2795 consequentias
1010 2711 1164 2790 nesciens,
1197 2711 1250 2795 qui
1272 2715 1387 2778 animis

264 2815 548 2898 incorruptibilibus
571 2815 677 2881 credat
699 2817 755 2881 aut
787 2816 928 2882 tenebras
951 2815 1112 2882 Tartareas
1144 2833 1233 2898 possa
1265 2816 1387 2900 aliquid

264 2934 370 2984 nocere
391 2921 446 2984 aut
467 2920 573 3004 igneos
595 2919 706 2986 fluuios
728 2921 782 2986 aut
809 2920 945 2986 caenosis
973 2919 1152 3006 gurgitibus
1179 2919 1307 3002 paludes
1331 2924 1388 2986 aut
1450 2971 1451 2978 κ

265 3023 401 3088 rotarum
423 3021 610 3088 uolubilium
638 3025 862 3091 circumactus?
895 3025 975 3107 quod
1008 3024 1090 3090 enim
1122 3022 1301 3108 contiguum
1326 3044 1388 3090 non

266 3125 313 3189 est
335 3123 426 3190 stab
449 3124 569 3209 legibus
591 3125 800 3192 dissolutionis
822 3127 958 3192 amotum
981 3127 1036 3207 est,
1058 3125 1130 3191 licet
1153 3123 1295 3190 amnibus
1318 3143 1387 3192 am·
1400 3147 1420 3186 s

264 3227 367 3292 biatur
388 3227 553 3308 flammeis,
587 3229 770 3295 torrentium
791 3228 954 3295 fluminum
976 3229 1120 3295 uoluatur
1142 3229 1174 3293 in
1196 3246 1302 3308 caeno,
1337 3249 1388 3296 sa·
1449 3315 1450 3320 ἵ

265 3347 373 3396 rorum
394 3331 625 3400 imminentium
652 3331 773 3398 casibus
795 3334 826 3397 ct
847 3333 1032 3399 immanium
1053 3327 1206 3398 montium
1229 3333 1390 3416 operiatur
1449 3347 1450 3408 ξ

301 3517 447 3571 imeritus
466 3518 535 3572 Sub.-
552 3518 656 3572 meritis
669 3517 696 3571 P
781 3517 893 3572 meritas
911 3517 1014 3572 heres?
1099 3520 1183 3588 patris
1204 3519 1278 3588 clari,
1298 3523 1389 3577 tantis

267 3621 326 3659 cum
344 3605 448 3659 meritis
466 3621 618 3674 nuncupare
638 3605 713 3658 datm
839 3605 1007 3660 tauctorest
1025 3605 1052 3660 P
1069 3620 1131 3661 corr
1251 3606 1342 3675 tyiurn
1362 3612 1390 3664 P

268 3687 424 3760 Typhoeum
443 3691 498 3746 Sub
515 3691 667 3761 Typhoeum
685 3692 715 3745 tc
734 3707 779 3745 err
881 3691 966 3746 dalis
988 3691 1058 3747 Urs.-
1082 3691 1162 3746 malis
1180 3692 1207 3745 P
1309 3693 1389 3750 inani
1413 3688 1423 3696 ’

273 3775 338 3832 Urs.-
361 3777 484 3832 inanium
502 3778 530 3832 P
546 3779 622 3832 inani
638 3777 763 3832 omnes?
881 3778 899 3832 4
916 3779 974 3832 alas
995 3779 1064 3834 istas
1087 3779 1139 3833 Ura
1258 3793 1311 3834 non
1331 3782 1390 3837 add

266 3863 474 3918 Klassmororaue
559 3863 733 3918 'liniamiam
746 3864 801 3920 Sao
885 3865 902 3919 9
921 3864 1084 3918 immortalis
1102 3864 1124 3934 (i
1136 3865 1319 3932 ineoorrlP

268 3949 347 4002 lose
365 3964 407 4004 om
429 3947 480 4004 Gal
582 3965 687 4004 securus
705 3950 841 4018 corporascit
858 3965 880 4017 c,
898 3965 941 4004 om
958 3949 1012 4004 Sub
1115 3950 1149 4004 14
1165 3967 1295 4019 supernas
1318 3953 1390 4008 Urs.-

267 4033 396 4102 snperbae
413 4036 440 4086 P
455 4049 565 4103 superae
582 4035 655 4090 idem
677 4035 729 4090 Urs
746 4036 860 4091 coniecit
979 4035 1012 4092 1l
1033 4037 1159 4105 quiquam
1177 4037 1204 4090 P
1221 4053 1285 4092 corr
1301 4053 1319 4090 r

269 4120 302 4174 18
319 4119 349 4173 ui
366 4119 524 4176 Mausolus.-
541 4121 570 4174 in
589 4122 617 4176 P
726 4122 759 4175 19
777 4120 938 4176 conditionis
956 4121 984 4176 P
1101 4122 1136 4176 20
1153 4123 1243 4191 ecquis
1262 4120 1318 4178 Sci>

268 4205 302 4258 24
318 4207 351 4259 irc
367 4205 488 4277 mpod
601 4207 637 4262 25
654 4209 764 4262 arctum
782 4209 809 4262 P
825 4210 918 4263 tutum
937 4207 1011 4263 sum
1130 4209 1254 4263 amnibus
1271 4211 1390 4278 scripsi:
1447 4207 1448 4246 l

267 4291 390 4346 omnibns
412 4307 447 4346 coo
467 4291 593 4347 omniuus
612 4292 639 4347 P
773 4295 808 4348 26
834 4293 962 4348 flammeis
984 4293 1098 4362 scripsi.-
1121 4293 1235 4349 flammis
1257 4294 1287 4348 P
1313 4287 1318 4292 “

267 4378 426 4432 torrentium
446 4378 517 4434 Sub:
535 4380 696 4434 terrentium
714 4381 741 4433 P
841 4381 955 4434 flammis
974 4380 1137 4434 torrentium
1156 4381 1310 4447 fluminum,
1330 4381 1390 4435 nol·

270 4464 350 4518 uatnr
367 4467 449 4536 orabo
552 4481 631 4522 caeno
650 4467 720 4524 dub.-
738 4482 818 4522 caeno
835 4481 888 4521 non
907 4466 934 4520 P
