2916 5010
250 474 321 542 146.
549 469 690 526 Arnobii
713 469 870 525 aduersus
897 471 1056 526 nationes

248 644 438 730 praesidibus
470 644 629 730 degerent,
662 660 736 726 quas
768 659 833 710 esse
861 643 978 710 faustas
1006 643 1038 709 et
1065 643 1217 728 prosperis
1244 661 1372 726 semper

219 751 321 817 doum
356 747 509 814 ominibus
544 745 727 814 ediderunt?
763 747 947 826 Lateranus,
984 747 1020 813 ut
1052 747 1171 827 dicitis,
1209 746 1284 812 dens
1321 748 1372 812 est

248 853 385 920 iocorum
406 853 439 917 et
459 850 567 936 genius
588 849 785 933 adfectusque
805 851 862 917 hoc
883 849 1018 926 nomino,
1042 851 1123 934 quod
1145 869 1182 916 ex
1202 851 1370 917 laterculis

249 954 485 1022 abdominibus
506 953 609 1020 crudis
630 953 821 1020 caminorum
834 953 920 1019 istud
934 953 1146 1020 exaedificetur
1159 972 1266 1039 genus.
1289 954 1371 1037 quid

165 1062 341 1144 sartargo?
368 1058 398 1124 si
418 1058 500 1123 testa
520 1057 575 1123 aut
596 1054 762 1142 materiai
787 1055 905 1122 neunt
925 1073 1119 1140 quacumque
1139 1057 1203 1123 alia
1223 1056 1371 1122 fabricati
1394 1079 1405 1117 s

248 1162 322 1246 ioci,
350 1151 456 1246 genio's
478 1178 538 1226 non
559 1159 733 1238 habebunt,
762 1161 794 1226 et
816 1159 855 1224 ab
877 1159 978 1226 officio
1006 1161 1122 1226 tutelae
1143 1161 1284 1245 quisquis
1307 1161 1372 1226 iste

247 1265 296 1330 est
317 1265 486 1330 Lateranus
513 1261 673 1342 abscedet,
703 1261 785 1345 quod
814 1263 902 1347 regni
930 1264 979 1329 sui
1007 1263 1157 1348 possessio
1185 1280 1247 1329 non
1270 1264 1370 1329 luteis

248 1367 423 1434 constructa
444 1367 491 1432 ost
512 1365 642 1432 formis?
664 1364 802 1449 etquid,
824 1383 945 1448 quaeso,
970 1367 1006 1432 ut
1027 1366 1131 1448 iaciat,
1154 1367 1371 1450 praesidatum

248 1471 385 1537 iocorum
413 1472 488 1535 deus
516 1468 576 1534 iste
605 1468 733 1535 sortitus
754 1468 825 1533 esti
854 1487 907 1551 per
929 1469 1056 1534 humani
1078 1470 1197 1552 generis
1220 1471 1371 1552 coquinas

247 1573 345 1640 currit
372 1572 537 1655 inspiciens
559 1574 591 1639 et
612 1571 779 1655 explorans,
811 1572 994 1654 quibusnam
1014 1571 1173 1657 lignorum
1202 1573 1371 1659 generibus
1380 1598 1406 1637 ra

247 1677 312 1742 suis
332 1677 423 1741 ardor
441 1675 476 1740 in
489 1674 600 1744 foculis
615 1675 775 1753 excitetur,
796 1673 1012 1741 habitudinem
1031 1673 1181 1742 fictilibus
1196 1676 1372 1742 contribuit

246 1779 382 1846 uasculis
402 1797 441 1844 ne
461 1778 656 1845 flammarum
679 1777 837 1844 dissiliant
850 1779 883 1844 ui
903 1779 995 1860 uicta,
1019 1781 1107 1846 curat
1128 1781 1164 1846 ut
1186 1780 1226 1846 ad
1240 1797 1371 1845 sensum

246 1883 343 1967 palati
373 1882 437 1947 suis
465 1900 537 1946 oum
563 1880 808 1946 iucunditatibus
838 1881 967 1948 ueniant
991 1901 1096 1948 rerum
1117 1883 1372 1965 incorruptarum

244 2004 385 2069 sapores,
408 1984 441 2050 et
462 2003 501 2049 an
522 1984 581 2050 rite
602 1983 764 2067 pulmenta
791 1984 914 2060 condita
940 1985 1004 2050 sint
1031 1987 1275 2071 praegustatoris
1297 1986 1371 2051 fun·

247 2089 333 2173 gitur
347 2089 440 2171 atque
455 2087 608 2171 experitur
623 2086 732 2153 officio.
755 2087 838 2153 itane
852 2087 938 2153 istud
952 2107 1013 2154 non
1028 2089 1162 2172 foedum,
1184 2075 1370 2173 quinimmo,
1380 2111 1404 2151 rs

247 2193 284 2256 ut
305 2191 408 2256 uerius
431 2189 574 2274 harim,
605 2208 665 2255 non
688 2190 958 2270 contumeliosum,
988 2209 1048 2256 nou
1070 2190 1218 2276 impium,
1248 2192 1289 2257 ad
1310 2192 1372 2259 hoc

246 2296 370 2360 tantum
391 2293 533 2360 inducere
554 2297 680 2360 deorum
703 2295 804 2361 nescio
826 2313 902 2378 quos
923 2294 1071 2375 fictiones,
1094 2313 1154 2361 non
1173 2314 1249 2379 quas
1264 2287 1375 2380 dignis

246 2399 411 2464 honoribus
432 2415 614 2480 prosequare
638 2396 691 2463 sed
713 2415 788 2480 quas
810 2397 900 2464 rebus
923 2397 1065 2481 turpibus
1088 2400 1119 2462 et
1145 2397 1255 2464 infami
1279 2417 1373 2482 prae-

218 2502 330 2567 tiicies
361 2501 497 2566 actioni?
530 2501 664 2566 etiamne
692 2500 839 2566 militaris
867 2501 970 2566 Venus
1001 2501 1207 2568 castrensibus
1236 2500 1371 2586 flagitiis

246 2603 403 2687 praesidat
431 2603 464 2667 et
492 2619 657 2686 puerorum
691 2603 831 2684 stupris?
868 2603 1003 2668 etiamne
1036 2603 1154 2668 Perfice
1183 2623 1245 2669 una
1274 2605 1325 2670 est
1356 2624 1406 2670 ero

246 2706 360 2792 populo
383 2705 562 2783 numinum,
592 2723 668 2786 quac
690 2705 837 2770 obscenas
859 2705 931 2770 illes
953 2706 984 2770 et
1006 2704 1108 2771 luteas
1130 2707 1308 2791 uoluptates
1332 2711 1373 2774 ad

248 2810 366 2874 exitum
379 2807 501 2891 perficit
515 2805 677 2873 dulcedine
691 2807 840 2874 inoffensa
854 2811 1036 2891 procedere?
1050 2808 1185 2874 etiamne
1199 2809 1371 2889 Pertunda,

247 2931 326 2994 quae
347 2913 381 2976 iu
404 2911 555 2978 cubiculis
576 2913 697 2994 praesto
721 2913 769 2977 est
789 2912 975 2996 uirginalom
997 2913 1135 2978 scrobem
1151 2913 1373 2979 effodientibus

248 3014 393 3096 maritis?
426 3014 561 3079 etiamne
583 3014 735 3091 Tutunus,
759 3015 845 3080 cuius
868 3015 1044 3080 inmanibus
1066 3015 1218 3098 pudendis
1240 3016 1372 3082 horren-

247 3116 334 3199 tique
356 3116 474 3182 fascino
497 3120 617 3183 uestras
639 3118 810 3200 inequitare
833 3118 987 3184 matronas
1002 3120 1034 3183 et
1050 3119 1405 3202 auspicabileducitisss

248 3219 280 3284 et
302 3220 440 3301 optatis?
473 3219 583 3304 quodsi
604 3221 733 3285 minime
755 3237 810 3286 uos
833 3221 999 3286 admouent
1022 3221 1061 3286 ad
1076 3221 1271 3287 intellectum
1286 3223 1372 3287 ueri-

248 3322 325 3386 tatis
348 3342 396 3388 res
418 3324 513 3406 ipsae,
536 3341 591 3389 neo
612 3342 648 3388 ex
669 3323 745 3406 ipsis
768 3323 880 3388 saltem
901 3324 1029 3407 potestis
1052 3325 1228 3390 nominibus
1245 3343 1373 3390 noscero

183 3424 454 3496 sseinanissimae
484 3424 713 3509 superstitionis
744 3424 891 3508 figmenta
920 3425 995 3492 haee
1027 3424 1032 3512 Ι
1065 3446 1131 3493 esse
1160 3428 1192 3492 ot
1220 3427 1373 3494 falsorum

248 3529 483 3613 imaginationes
513 3529 664 3595 deorum?
697 3527 909 3611 putationibus
932 3529 1076 3594 arborum
1098 3528 1196 3607 Puta,
1227 3531 1372 3612 inquitis,
1433 3565 1436 3570 ·

285 3801 302 3853 2
319 3797 452 3852 ominibus
471 3799 532 3865 sab,
549 3815 579 3852 r.-
595 3799 746 3854 hominibus
763 3801 789 3852 P
889 3800 906 3853 3
923 3799 1094 3869 adfectusque
1111 3801 1267 3856 Mecraiao:
1286 3801 1373 3857 adico·
1449 3859 1450 3872 ,

250 3887 346 3952 tueque
363 3885 389 3935 P
410 3884 588 3952 adsuetasque
605 3885 660 3940 Scb
685 3885 824 3954 dictusque
841 3885 915 3939 Sator
1020 3886 1143 3940 dorudis
1167 3887 1373 3942 abdominibus
1449 3885 1450 3930 ἶ

252 3970 305 4024 Sub
409 3971 570 4024 caminorum
589 3972 651 4039 Sob,
669 3988 698 4025 r:
725 3987 891 4027 comanorum
909 3974 935 4023 P
1034 3973 1150 4041 btesta]
1173 3975 1228 4027 ista
1245 3973 1302 4028 Scb

251 4054 424 4123 8quodSob
526 4058 559 4110 11
576 4057 705 4112 fictilibus
718 4057 788 4112 Solo:
805 4058 896 4112 fictilis
909 4058 937 4112 P
1038 4059 1071 4113 13
1087 4059 1186 4128 palatis
1204 4059 1305 4114 Poorr

238 4141 287 4193 ‘14
297 4155 334 4210 aq.
346 4142 479 4210 experitur
492 4144 572 4212 atque
584 4143 795 4211 praegustatoris
807 4143 931 4214 fungitur
944 4143 1031 4199 officio
1042 4145 1184 4200 Mccrsiae
1274 4143 1309 4199 15
1320 4161 1375 4200 non

252 4242 295 4280 om
312 4225 367 4281 Sub
473 4229 506 4303 19
523 4228 613 4297 flagiis
631 4228 658 4282 P
672 4241 764 4283 corre
859 4229 905 4284 ’23
922 4245 1039 4284 soroucm
1057 4230 1085 4284 P
1191 4230 1225 4284 24
1242 4229 1375 4285 Mutunus

252 4312 310 4368 Sao
421 4315 550 4384 pudendis
568 4314 596 4368 P
700 4314 734 4368 26
752 4314 894 4370 admouent
912 4315 946 4369 ad
965 4315 1033 4370 Sub:
1058 4315 1221 4370 admouenda
1239 4317 1266 4371 P
1283 4316 1375 4372 admo

252 4401 318 4453 nent
335 4399 370 4453 ad
393 4400 444 4455 Ure
545 4401 579 4454 29
597 4399 801 4468 imaginationes
819 4400 888 4456 Sabe
909 4400 1101 4469 imaginatione
1119 4402 1146 4456 P
