2916 5010
557 486 657 542 Liber
676 485 725 544 111.
1132 493 1192 557 127
1224 513 1226 521 “

82 660 133 724 his
154 658 274 724 artibus
295 659 483 742 praesidere,
499 663 633 738 curare,
663 660 759 724 immo
782 660 838 726 sub
860 661 985 726 illorum
1006 662 1107 745 posita
1129 680 1194 728 esse

82 763 184 828 tutela
211 762 315 828 omnia
351 781 427 844 quae
454 763 719 842 administramus,
753 782 829 845 quae
856 764 1005 848 gerimus,
1039 767 1130 847 atque
1158 768 1194 830 nt

81 866 159 931 bene
180 884 215 930 ac
236 863 369 929 feliciter
391 865 516 943 cedant,
540 865 665 930 illorum
685 860 865 949 prouisione'
878 867 987 931 curari.
1022 868 1102 948 quod
1123 869 1192 950 qni-

82 970 153 1034 dom
181 968 294 1033 merito
323 966 385 1032 dici
406 987 441 1034 ac
462 968 662 1049 probabiliter
689 969 858 1048 uideretur,
890 970 916 1033 si
939 971 978 1034 ad
1000 970 1192 1036 uoluntatem
1294 961 1297 968 ’

4 1069 7 1078 '
58 1090 201 1156 asemper
222 1071 464 1152 sententiamque
485 1071 683 1153 procederent
704 1090 739 1136 ea
761 1091 838 1153 quae
861 1072 991 1152 obimus,
1014 1091 1090 1155 quae
1110 1073 1192 1157 geri·

80 1193 151 1239 mus
173 1174 227 1240 aut
247 1175 281 1238 in
302 1174 433 1257 negotiis
456 1173 668 1255 periclitamur
694 1173 847 1240 humanis.
881 1193 951 1240 oum
973 1193 1044 1240 uero
1066 1177 1098 1241 in
1120 1191 1192 1242 con-
1256 1162 1261 1174 ’

79 1279 211 1342 tracium
233 1276 343 1342 cotidie
364 1296 412 1342 res
425 1279 594 1342 *comantur
622 1294 718 1358 neque
746 1278 785 1341 ad
812 1278 1001 1359 propositum
1023 1279 1192 1343 uoluntatis

80 1381 233 1445 actionum
256 1381 457 1462 respondeant
478 1379 561 1459 fines,
585 1380 719 1446 ludentis
741 1382 788 1445 ast
809 1381 916 1462 dicere,
940 1382 1009 1447 deos
1030 1383 1117 1448 nobis
1139 1401 1190 1447 su-

79 1503 199 1568 peresse
229 1484 383 1563 custodes,
418 1503 492 1567 qnos
521 1484 654 1565 suspicio
683 1484 773 1548 finnt
799 1485 918 1563 nostra,
953 1503 1014 1550 non
1037 1485 1192 1567 explorata

39 1607 70 1646 ro
78 1588 194 1652 ueritas
206 1587 441 1670 comprehendit.
456 1605 509 1668 per
521 1587 617 1652 maria
631 1587 732 1651 Mater
739 1586 861 1654 Matuta
872 1588 1044 1653 tutissimas
1055 1592 1191 1671 praestat

77 1690 322 1757 commeantibus
334 1691 559 1774 nauigationes:
572 1692 603 1756 et
615 1709 668 1756 cur
680 1691 823 1756 insanum
838 1711 921 1756 mare
936 1691 1191 1773 tam-frequentes

77 1793 216 1876 exposcit
248 1792 420 1859 crudelium
453 1793 681 1878 naufragiorum
716 1793 841 1859 ruinas?
884 1794 1032 1859 salutaria
1066 1796 1098 1860 et
1130 1793 1191 1860 lida

76 1897 207 1962 consilia
228 1897 340 1962 uostris
364 1897 504 1980 suggerit
519 1897 756 1980 cogitationibus
772 1895 907 1962 Consus:
930 1897 1008 1961 etin
1024 1898 1190 1963 contrarios

76 1999 177 2064 exitus
199 2019 254 2065 cnr
275 2000 400 2064 adsidue
422 2001 553 2065 uertitur
574 2000 758 2083 placitorum
779 2001 935 2082 inopinata
957 2001 1112 2066 mutatio?
1141 2019 1188 2066 ar-

40 2125 65 2163 11
76 2104 252 2168 mentorum
275 2104 305 2167 et
326 2121 469 2186 pecorum
491 2103 635 2187 gregibus
649 2102 740 2168 Pales
755 2104 901 2185 praesunt
916 2102 1069 2186 Inousque
1084 2106 1186 2169 custo·

76 2206 147 2270 des:
178 2206 209 2270 et
231 2223 284 2270 cur
313 2223 403 2270 saeua
425 2207 567 2288 contagia
589 2190 822 2287 et'pestilentes
851 2205 973 2270 morbos
1003 2206 1041 2270 ab
1063 2207 1190 2272 aestiuis

76 2310 216 2373 auertere
239 2308 407 2374 cessatione
433 2308 558 2373 inimica
579 2326 639 2372 non
662 2309 790 2373 curant?
815 2308 907 2372 Plora
921 2308 977 2372 illa
999 2309 1137 2393 genetrix
1159 2310 1190 2372 et

75 2413 183 2477 sancta
211 2401 397 2476 obscenitate
426 2410 566 2474 ludorum
588 2410 675 2476 bone·
688 2412 775 2476 curat
798 2414 833 2475 ut
859 2429 932 2475 arua
953 2409 1128 2476 florescant:
1158 2413 1190 2475 et

76 2534 132 2579 cur
154 2515 280 2580 cottidie
301 2513 474 2597 gemmulas
496 2515 527 2578 et
548 2513 746 2594 pubescentes
767 2514 877 2578 herbas
900 2514 1004 2578 adurit
1026 2515 1117 2594 atque
1138 2514 1189 2577 in-

38 2617 189 2682 roterficit
218 2616 471 2682 nocentissimum
500 2616 623 2700 frigus?
655 2618 822 2698 puerperiis
852 2619 928 2684 luno
950 2618 1120 2700 praeposita
1142 2619 1189 2682 est

74 2723 107 2786 et
129 2721 297 2786 auxiliatur
319 2720 524 2803 genetricibus
546 2719 634 2785 letis:
665 2721 696 2784 et
719 2721 856 2785 matrum
883 2717 1116 2788 intereunt'cur
1138 2737 1188 2784 co·

74 2824 153 2889 tidie
175 2825 275 2889 millia
296 2823 531 2905 parricidalibus
553 2823 675 2888 nixibus
696 2823 922 2906 interemptae?
943 2825 976 2890 in
995 2824 1094 2889 tutela
1108 2822 1187 2889 Vul-

73 2927 144 2994 cani
159 2928 205 2992 est
220 2927 300 3012 ignis
316 2928 346 2992 et
362 2926 503 2991 materies
518 2926 583 2990 eius
598 2926 630 2990 in
645 2925 732 2991 illius
751 2926 756 3011 Ι
774 2927 923 3010 regimine
943 2926 1110 2992 constituta
1124 2927 1186 2990 est:
1196 2936 1212 2987 f.
1224 2937 1255 2988 ro

73 3031 106 3094 et
134 3047 188 3094 cur
214 3029 305 3094 aedes
326 3028 574 3112 frequentissime
595 3047 696 3094 sacras
717 3029 808 3111 atque
830 3030 953 3095 urbium
973 3029 1125 3111 portiones
1147 3029 1186 3094 ad

35 3133 207 3198 etcinerem
221 3133 339 3214 patitur
352 3131 547 3197 flammarum
563 3131 731 3197 uoraoitate
746 3132 888 3198 conlabi?
910 3133 1108 3198 diuinationis
1124 3133 1185 3198 sci·

73 3237 189 3303 entiam
201 3235 333 3320 largitur
343 3235 564 3300 hariolantibus
576 3235 721 3319 Pythiusr
734 3237 764 3300 et
775 3255 828 3300 cur
840 3235 1005 3320 obliquata,
1017 3235 1119 3314 dubia,
1132 3255 1185 3300 our

72 3339 269 3406 obscuritatis
291 3339 450 3404 submersa
471 3338 601 3422 ealigine
623 3337 677 3404 dat
691 3341 810 3422 saepius
825 3338 1099 3421 subministratque
1120 3357 1184 3403 res-

106 3629 124 3682 3
141 3641 206 3681 uene
224 3628 251 3680 P
267 3641 328 3682 corr
437 3625 530 3680 cedant
548 3625 620 3680 Sub:
638 3625 744 3679 credant
761 3624 789 3679 P
895 3625 928 3678 10
944 3625 1084 3694 permarini
1101 3642 1117 3679 r

71 3713 160 3766 Mater
176 3712 282 3766 Matuta
293 3711 390 3766 addidi
490 3713 655 3783 praestantr
672 3711 789 3779 praestat
806 3708 939 3762 Portunus
951 3709 1004 3763 Sub
1106 3710 1137 3762 11
1156 3712 1183 3764 et

74 3799 136 3852 Gal.-
159 3799 205 3852 sod
223 3799 250 3853 P
385 3797 417 3850 12
435 3795 550 3864 exposcit
567 3796 601 3852 P.
619 3796 735 3850 Iunius.-
761 3795 882 3863 exposuit
899 3796 927 3850 P
1062 3794 1182 3849 141111-

70 3884 138 3938 duae
156 3884 184 3938 P
296 3881 328 3938 15
345 3881 474 3952 inbusque
491 3883 519 3935 P
529 3897 590 3936 corr
602 3885 624 3936 c‘
736 3881 769 3935 16
786 3881 898 3935 aestiuis
917 3881 944 3934 P
1053 3881 1085 3934 17
1104 3895 1183 3934 mere·

69 3970 124 4023 trix
140 3969 192 4024 Ura
293 3969 327 4023 22
338 3967 442 4028 bulcani
455 3968 482 4021 P
492 3983 554 4021 corr
654 3966 688 4020 23
705 3966 844 4020 materiaos
856 3967 882 4020 P
893 3981 980 4020 coerr
1082 3965 1116 4020 24
1132 3964 1183 4019 fre·

70 4073 246 4144 qnentissimq
268 4073 297 4127 P
430 4071 564 4142 portiones
587 4069 677 4124 Sclm:
702 4059 831 4138 portioi'es
850 4071 891 4138 (ire
908 4073 1003 4140 1191.)
1022 4071 1049 4123 P
1069 4071 1182 4137 potiores

71 4160 127 4214 Sub
242 4157 276 4213 ad
294 4159 406 4213 cinerem
425 4158 494 4212 Sub:
519 4155 683 4210 1111111111
700 4155 728 4208 P
844 4156 878 4209 26
895 4157 984 4224 pytius
1001 4155 1030 4209 P
1137 4154 1181 4208 ob·

70 4245 145 4314 liqna
171 4248 198 4298 et
224 4244 305 4299 dubia
327 4245 371 4299 uel
393 4242 553 4311 obliquitate
578 4240 659 4294 dubia
688 4239 740 4294 Ura
764 4241 871 4309 obliqua
893 4257 924 4294 ae
941 4238 1022 4294 dubia
1040 4240 1116 4295 81111

70 4330 104 4385 27
123 4329 293 4386 obscuritatis
304 4330 456 4384 Maarsares:
476 4324 680 4381 obscuritatibus
698 4325 726 4378 P
742 4325 932 4380 obscuritatum
950 4324 1001 4379 Ure
1096 4327 1183 4395 ’1111-
1304 4387 1307 4396 ,

71 4433 103 4470 us
121 4418 148 4472 P
226 4415 456 4484 submonstratque
475 4413 529 4470 Sab
