2888 5008
570 463 667 522 Liber
684 463 730 519 VI.
801 501 802 504 ¹
1126 466 1203 534 Ι235

89 640 193 704 cetera
214 638 301 703 motu
322 637 467 703 interiore
487 637 618 720 priuata.
651 639 685 704 in
705 638 792 720 parte
813 639 871 703 hac
892 637 998 702 eadam
1012 637 1093 703 illud
1107 637 1249 702 etiamad

88 741 192 807 dicere
212 741 445 807 simulacrorum
467 741 634 806 adsertores
656 740 771 820 solent,
801 757 862 804 non
883 739 1039 824 ignorasse
1061 741 1202 824 antiquos

87 844 170 910 nihil
201 844 312 910 habere
343 844 478 910 numinis
508 844 597 928 signa
625 863 722 926 nequa
750 843 850 908 ullum
878 843 1000 909 omnino
1027 844 1127 910 inesse
1153 843 1202 908 his

86 965 222 1028 sensum,
246 947 300 1013 sed
320 952 444 1030 propter
464 948 652 1013 indomitum
675 949 768 1030 atque
789 947 957 1028 inperitum
979 947 1101 1032 uulgus,
1125 965 1201 1029 quaa

64 1068 161 1134 spara
189 1049 223 1114 in
243 1051 364 1132 populis
392 1053 483 1134 atquo
510 1051 542 1116 in
565 1051 743 1117 ciuitatibus
772 1051 907 1117 maxima
935 1052 997 1132 ast,
1025 1051 1201 1115 salutariter

87 1171 126 1219 aa
154 1152 338 1237 consilioque
364 1153 527 1232 formasse,
555 1155 704 1219 1111111
733 1154 864 1237 quadam
892 1154 992 1237 speeie
1015 1153 1131 1219 obiecta
1152 1153 1200 1218 his

84 1256 253 1322 numinum
268 1257 422 1322 abicerent
443 1257 641 1340 asperitatem
662 1258 748 1322 metu
771 1257 973 1340 arbitratique
987 1255 1219 1338 praesentibus·

86 1378 156 1426 sese
177 1359 233 1424 snb
256 1360 304 1424 dis
324 1378 413 1442 agera
434 1360 516 1426 facta
536 1360 633 1441 impia
654 1360 835 1443 deputarent
851 1360 882 1424 at
897 1359 935 1423 ad
949 1359 1085 1425 humana
1099 1358 1200 1424 officia

85 1480 210 1528 mamm
243 1462 458 1527 immutatione
487 1463 668 1528 transirent:
706 1481 762 1527 nec
793 1463 916 1546 propter
949 1463 1043 1528 aliam
1075 1481 1199 1528 causam

49 1583 76 1622 ιο
86 1563 280 1630 uenerabiles
302 1563 415 1630 formas
437 1583 510 1630 auro
525 1565 569 1630 eis
584 1566 771 1650 argentoque
786 1566 948 1649 quaesitas,
970 1566 1031 1632 nisi
1045 1566 1081 1630 ut
1096 1565 1200 1630 adesse

85 1667 137 1732 nis
159 1667 307 1751 quaedam
329 1666 405 1750 ipsis
427 1667 461 1731 in
483 1668 656 1752 fulgoribus
671 1669 854 1748 crederetur,
877 1687 953 1750 quaa
967 1687 1027 1734 non
1042 1669 1200 1732 oculorum
1232 1685 1238 1696 ·

45 1777 62 1814 '-
85 1770 212 1836 tantum
239 1771 457 1855 perstringeret
485 1789 618 1850 sensum,
647 1790 755 1836 ueram
784 1771 879 1836 etiam
900 1773 1018 1836 mantes
1039 1770 1121 1853 ipsas
1143 1790 1198 1836 au-

84 1872 286 1956 gustissimae
318 1872 396 1939 lacis
428 1873 651 1939 radiationibus
678 1874 842 1938 territaret.
876 1874 1101 1956 quadratiano
1129 1893 1199 1963 curn

84 1975 191 2057 aliqua
216 1975 372 2042 uideretur
398 1975 526 2041 forsitan
548 1975 625 2054 dici,
653 1976 770 2057 sipost
793 1976 915 2042 condita
936 1976 1061 2042 deorum
1082 1976 1200 2057 templa

49 2079 181 2160 raatque
201 2077 351 2144 instituta
372 2079 536 2144 simulacra
557 2079 662 2144 nullus
685 2080 764 2144 asset
785 2079 817 2142 in
837 2079 951 2144 mundo
973 2079 1088 2157 malus,
1111 2062 1206 2144 nulla

15 2245 16 2248 ,
85 2180 214 2244 omnino
235 2181 382 2263 nequitia,
404 2181 525 2246 iustitia
539 2200 598 2265 pax
612 2181 688 2246 fides
702 2181 880 2246 mortalium
893 2184 1017 2263 pectora
1030 2181 1198 2264 possideret

82 2301 184 2365 nequa
206 2284 368 2367 qnisquam
388 2284 422 2349 in
443 2285 534 2349 terris
555 2302 664 2350 nocens
687 2302 785 2366 noque
806 2285 948 2349 innocens
968 2285 1119 2350 dicaretur
1133 2303 1197 2348 sce-

82 2385 186 2452 lerosa
208 2403 298 2468 opera
319 2387 525 2452 nescientibus
548 2387 675 2452 cunctis.
705 2405 785 2451 nunc
806 2403 877 2450 uero
900 2405 971 2450 cum
985 2387 1090 2452 contra
1104 2386 1196 2452 malis

82 2489 190 2554 omnia
210 2490 300 2572 plena
321 2490 393 2569 sint,
416 2490 605 2556 innocentiae
626 2509 721 2572 paene
743 2489 894 2554 interierit
913 2509 1034 2568 nomen,
1056 2507 1110 2573 per
1131 2507 1196 2554 mo·

47 2592 200 2669 ramenta,
228 2610 283 2674 per
309 2595 423 2675 puncta
444 2593 583 2659 oramina
604 2592 822 2658 maleficiorum
849 2610 930 2658 noua
957 2593 1114 2657 noriomm
1135 2592 1196 2657 im-

82 2693 240 2776 probitate
261 2696 428 2776 pariantur,
450 2695 548 2761 dicere
569 2697 622 2779 qui
645 2697 794 2775 conuenit,
816 2697 855 2760 ad
876 2695 1067 2762 incutiendas
1089 2695 1196 2760 formi-

82 2796 174 2862 dines
196 2797 290 2882 uulgo
306 2797 430 2863 deornm
445 2798 590 2864 instituta
604 2799 778 2878 simulacra,
800 2818 871 2864 cum
885 2801 1006 2884 praeter
1019 2800 1195 2864 innumeras

82 2899 251 2966 criminum
273 2900 305 2964 11
324 2899 494 2966 facinorum
519 2899 523 2985 Ι
549 2901 661 2967 formas
688 2901 755 2983 ipsa
782 2901 876 2967 etiarn
898 2901 1057 2966 uideamus
1078 2901 1294 2985 amplarum

82 3002 243 3087 sacrilegis
264 3003 482 3068 uiolationibus
506 3004 609 3087 adpeti
626 3004 664 3069 ab
675 3004 826 3088 tyrannis,
848 3007 886 3070 ab
901 3004 1032 3088 regibus,
1048 3005 1086 3069 ab
1101 3004 1195 3069 latro-

48 3134 73 3175 11
83 3105 179 3172 nibus
202 3107 233 3172 11
253 3108 410 3172 nocturnis
432 3126 451 3172 a
473 3107 592 3172 furibus
607 3108 748 3190 ipsosque
767 3107 838 3172 illos
859 3106 929 3173 daos
952 3124 1026 3190 quos
1042 3108 1081 3173 ad
1096 3110 1195 3174 matus

82 3207 240 3276 faciendos
262 3209 352 3274 uetus
373 3209 462 3276 {inxit
485 3211 516 3275 et
536 3211 724 3276 consecrauit
744 3209 913 3292 antiquitas
934 3210 1044 3275 uadare
1059 3210 1092 3274 in
1107 3211 1196 3276 antra

82 3311 273 3396 praedonum
288 3331 357 3377 curn
372 3313 448 3394 ipsis
463 3315 527 3379 suis
542 3313 641 3379 aureis
656 3313 887 3395 metuendisque
902 3312 1096 3397 fulgoribus?
1118 3312 1192 3396 qnid
1203 3313 1241 3372 15

83 3415 177 3492 onim,
200 3416 227 3482 si
249 3435 358 3482 aarum
380 3417 412 3481 et
433 3417 498 3482 sine
513 3416 579 3482 ulla
593 3416 816 3500 gratificatione
831 3416 1007 3499 perspicias,
1030 3417 1119 3500 signa
1133 3416 1203 3481 1111

83 3536 163 3600 qnae
190 3519 296 3585 dicunt
323 3519 491 3584 habentia
513 3539 546 3584 se
567 3538 728 3602 magnum,
757 3522 792 3583 ut
814 3519 924 3583 marito
951 3519 1081 3601 sperarit
1102 3521 1194 3602 atque

47 3652 73 3691 eo
82 3620 271 3687 existimarit
293 3621 461 3704 antiquitas
483 3623 644 3706 conspectu
666 3622 790 3686 illorum
810 3638 898 3702 posse
918 3621 1022 3706 frangi
1036 3621 1194 3686 hominum

117 3965 203 4018 lhac
220 3964 289 4019 Sao:
305 3964 369 4018 haec
385 3963 413 4017 P
546 3962 659 4017 611111
675 3962 702 4016 Ρ
778 3991 785 4010 1
836 3961 1013 4016 iabiicerant
1031 3963 1100 4018 Sat:
1122 3962 1193 4018 abie-

82 4051 208 4106 cerintP
308 4050 530 4118 aspersitatemP
631 4047 821 4118 arbitratiqnac
839 4049 938 4103 Pcorr
1038 4049 1113 4104 8dir
1131 4049 1193 4115 (iia

81 4137 117 4190 iis
130 4139 202 4205 corr)
220 4137 248 4191 P
284 4204 285 4207 Ἴ
340 4133 565 4204 deponerentSad
660 4133 745 4188 officio
763 4135 972 4190 orumPcorrc
1065 4134 1193 4190 14111-

81 4225 140 4278 tam
157 4224 185 4278 P
200 4238 295 4278 ooarr
407 4221 442 4275 20
458 4222 555 4289 puncta
574 4219 644 4275 Sub:
665 4223 760 4275 cancta
776 4221 803 4274 P
922 4235 1004 4275 nocua
1020 4221 1049 4275 P
1064 4236 1125 4276 corr

82 4307 256 4376 improuitate
272 4308 300 4362 P
391 4306 601 4363 narentanorum
618 4305 645 4359 Ρ
737 4306 908 4362 2611111Ρ
1001 4306 1036 4361 30
1052 4310 1192 4376 conspectu

82 4393 154 4449 Sat.-
180 4395 347 4463 conspectum
364 4394 392 4448 P
526 4383 533 4402 “
1182 4423 1184 4430 ·
