2916 5010
571 510 668 566 Liber
690 511 725 565 II.
1140 513 1203 578 109

93 686 143 747 tor
164 683 196 746 et
217 683 357 747 dominus
386 684 445 749 scit
467 684 559 749 solus.
593 705 648 750 nec
669 685 696 748 si
718 702 772 768 ego
794 685 957 766 nequiuere
985 703 1092 750 causas
1114 685 1201 749 uobis

93 803 275 866 expromere,
298 804 351 851 eur
373 786 489 869 aliquid
509 787 566 853 fiat
580 787 635 853 illo
651 788 702 852 uel
716 788 772 852 hoe
787 789 886 867 modo,
910 788 1050 853 continuo
1065 787 1202 870 sequitur

94 890 131 952 ut
156 888 272 954 infecta
305 888 381 953 fiant
410 909 485 971 quae
512 891 593 956 facta
621 893 693 956 sunt
720 895 750 956 et
774 892 901 956 amittat
928 910 976 956 res
1003 891 1095 955 fidem
1126 909 1202 973 quae

92 991 256 1074 generibus
290 991 442 1056 uirtutum
475 993 573 1060 tantis
602 997 633 1058 et
664 994 853 1075 potestatum
885 994 1100 1059 indubitabilis
1135 1013 1201 1060 esse

72 1095 263 1160 rmonstrata
291 1098 347 1160 est.
379 1097 416 1160 tu
437 1113 570 1179 opponas
593 1099 624 1162 et
645 1099 773 1162 referas:
808 1117 861 1162 eur
890 1098 956 1162 tam
983 1116 1049 1162 sero
1072 1098 1251 1166 emissusii

93 1198 141 1262 est
162 1197 347 1278 sospitator?
370 1199 403 1262 in
424 1199 563 1279 infinitio,
586 1201 741 1282 perpetuis
764 1200 892 1265 saeculis
908 1199 987 1265 nihil
1009 1199 1131 1263 omnino
1153 1198 1201 1263 di-

93 1300 223 1364 oendum
245 1303 291 1364 est
313 1319 424 1368 serum.
457 1303 510 1366 ubi
533 1303 615 1367 enim
636 1302 705 1368 finis
727 1304 757 1367 et
771 1303 897 1368 initium
911 1303 1031 1368 nullum
1046 1305 1101 1382 est,
1124 1302 1202 1367 nihil

92 1403 321 1484 praematurum
344 1404 399 1481 est,
422 1404 501 1468 nihil
522 1405 656 1469 tardum.
678 1407 800 1486 tempus
823 1407 905 1470 enim
926 1405 1076 1487 alfinibus
1098 1395 1129 1469 et
1151 1423 1202 1468 ex-

93 1505 305 1570 tremitatibus
326 1507 475 1584 noscitur,
504 1525 580 1588 quae
606 1507 717 1572 habere
738 1525 798 1571 non
820 1509 922 1590 potest
942 1513 1087 1591 perpetua
1109 1507 1201 1572 series

60 1608 127 1672 roet
147 1608 348 1672 immoderata
369 1611 556 1675 continuatio
578 1610 776 1674 saeculorum.
811 1610 884 1691 quid
907 1611 988 1674 enim
1003 1611 1030 1676 si
1044 1629 1091 1675 res
1106 1611 1201 1693 ipsae,
1307 1641 1309 1645 ⁴
1364 1651 1371 1662 -

94 1710 316 1792 quibns'opem
338 1713 534 1777 conueniebat
556 1712 639 1790 ferri,
662 1714 924 1795 opportunitatem
938 1714 1033 1778 istam
1055 1711 1202 1794 temporis

94 1813 281 1895 exigebant?
309 1815 383 1896 quid
405 1815 430 1878 si
452 1815 580 1881 alteri-us
603 1815 784 1880 condicionis
807 1816 946 1896 antiqua,
970 1817 1096 1880 alterius
1119 1814 1203 1880 fuere

94 1916 274 1997 sequentia?
307 1917 380 1998 qnid
413 1917 439 1982 si
472 1917 581 2000 priscis
616 1918 706 1982 aliter
738 1917 908 2005 subueniri,
949 1919 1038 1984 aliter
1064 1919 1068 2005 Ι
1094 1918 1271 2011 (1111111163

93 2018 311 2100 posterioribus
343 2020 480 2084 consuli?
511 2037 609 2084 nonne
638 2020 757 2084 litteras
787 2021 900 2084 auditis
930 2022 1203 2086 commemorantes

52 2120 215 2186 ‘rsuestras
237 2120 331 2186 fuisse
353 2121 493 2206 homines
507 2122 583 2187 olim
599 2122 758 2198 semideos
782 2122 898 2200 heroas,
923 2140 992 2187 cum
1014 2123 1203 2188 immanibus

94 2223 270 2304 corporibus
299 2224 390 2306 atque
417 2225 536 2289 uastis?
568 2244 629 2289 non
656 2225 788 2289 infantes
812 2224 868 2290 sub
897 2225 1041 2290 uberibus
1067 2227 1203 2290 matrum

94 2326 283 2390 centenarios
310 2327 414 2409 legitis
441 2328 571 2392 edidisse
603 2329 759 2412 uagitum,
793 2348 922 2411 quorum
949 2345 1016 2392 ossa
1044 2328 1138 2392 uariis
1170 2327 1204 2391 in
1310 2367 1314 2381 ·

93 2427 270 2512 regionibus
297 2430 382 2494 eruta
408 2431 459 2493 uix
486 2431 690 2510 repertoribus
718 2431 852 2496 fecerunt
879 2430 972 2495 fidem
997 2431 1204 2502 humanorum

93 2531 241 2613 reliquias
262 2549 327 2596 esse
349 2531 576 2598 membrorum?
609 2536 711 2615 potest
732 2553 802 2618 ergo
824 2534 907 2613 fieri,
930 2536 966 2598 ut
987 2536 1055 2599 tum
1077 2532 1203 2597 demum

58 2633 232 2698 comiserit
255 2632 411 2699 Christum
432 2635 721 2718 deusomnipotens,
746 2637 819 2701 deus
835 2639 927 2716 solus,
951 2640 1113 2720 postquam
1128 2654 1202 2718 gens

93 2735 392 2802 hominum‘fractior
406 2740 436 2801 et
450 2738 599 2803 infirmior
614 2739 712 2821 coepit
734 2740 838 2805 nostra
859 2759 925 2805 esse
939 2740 1058 2804 natura.
1082 2739 1108 2802 si
1123 2739 1203 2820 quod

92 2838 185 2903 hodie
206 2831 324 2903 factum
346 2841 400 2914 est,
422 2841 491 2905 ante
513 2841 601 2906 milia
621 2841 687 2906 fieri
702 2843 885 2922 oportuisset
900 2849 1057 2922 annorum,
1081 2841 1203 2906 fecisset

92 2942 182 3006 istud
208 2961 260 3006 rex
289 2961 441 3020 summus,
473 2944 527 3008 aut
554 2945 671 3025 sipost
696 2944 827 3009 totidem
848 2946 937 3009 milia
957 2944 990 3008 id
1012 2943 1092 3026 quod
1112 2943 1204 3008 hodie

93 3044 213 3110 factum
240 3047 287 3110 est
314 3045 467 3110 debuisset
493 3046 618 3128 inpleri,
646 3046 732 3118 nihil,
752 3048 843 3112 deum
872 3047 999 3130 cogebat
1019 3047 1204 3112 necessarias

58 3173 85 3212 rs
94 3151 270 3229 temporum
292 3165 350 3212 non
373 3149 527 3232 expectare
548 3167 715 3214 mensuras.
749 3149 917 3236 rationibus
932 3149 1001 3214 fixis
1015 3152 1205 3232 peraguntur

95 3269 144 3316 res
167 3251 231 3315 eius
253 3250 284 3314 et
306 3251 386 3332 quod
407 3251 501 3316 semel
523 3251 679 3316 decretum
701 3253 749 3316 est
763 3251 829 3316 fieri
843 3252 929 3316 nulla
944 3252 1045 3334 potest
1067 3247 1204 3316 nouitate

96 3353 221 3418 mutari.
256 3372 309 3417 our
330 3359 415 3436 ergo,
438 3353 553 3435 inquit,
582 3355 608 3419 si
631 3354 832 3437 omnipotenti
855 3353 977 3419 seruitis
1004 3355 1058 3418 deo
1082 3356 1113 3418 et
1135 3373 1205 3418 eum
1215 3354 1256 3418 16

96 3456 209 3521 habere
232 3454 382 3520 confiditis
405 3456 515 3520 salutis
537 3457 629 3538 atque
643 3455 864 3522 incolumitatis
879 3457 999 3522 uestrae
1014 3476 1129 3534 curam,
1152 3476 1206 3522 cur

97 3559 321 3642 persecutiones
347 3559 465 3641 patitur
491 3560 610 3642 perpeti
638 3577 693 3625 uos
720 3560 823 3624 tantas
850 3560 942 3640 atque
968 3560 1069 3624 omnia
1096 3577 1206 3643 genera

133 3834 151 3884 3
167 3829 266 3883 infecta
283 3828 353 3884 sco:
371 3829 473 3882 infacta
490 3830 518 3883 P
626 3830 644 3882 4
660 3831 823 3898 potestatum
843 3830 906 3884 (iel.-
923 3829 1100 3899 potestatibus
1117 3833 1206 3898 potes-

97 3901 162 3970 tati
178 3898 212 3969 P'
304 3916 321 3970 5
338 3918 497 3970 monstrata·
514 3917 542 3970 P
641 3915 657 3970 6
674 3915 743 3970 nihil
761 3915 867 3971 omnino
889 3915 953 3972 eet.-
971 3916 1039 3970 nihil
1056 3917 1142 3971 omino
1161 3918 1207 3984 (erc

98 4001 183 4070 omui)
200 4001 228 4054 P
242 4000 414 4058 nihilominus
432 4001 488 4057 Sub
579 4002 739 4071 iperpetua
754 4002 851 4058 addidi
940 4002 1208 4058 metamocensi

100 4087 167 4143 Gel:
184 4087 265 4141 etiam
275 4086 410 4144 moderata
421 4087 448 4142 P
531 4089 564 4147 11
577 4089 784 4156 oportunitatem
796 4089 824 4142 P
913 4088 946 4141 15
957 4089 1100 4142 saemideos
1113 4089 1141 4142 P

98 4175 131 4230 17
151 4173 324 4242 centenarios]
344 4175 489 4238 stentoreos
507 4173 561 4229 Sub
663 4173 771 4243 uagitus
789 4173 843 4228 Sub
946 4173 981 4230 19
998 4177 1099 4242 paoeese
1115 4176 1142 4226 P

97 4274 159 4314 eum
177 4258 231 4312 Sub
358 4259 393 4313 22
410 4259 570 4328 oportuisset
592 4259 657 4314 Ure:
677 4259 808 4328 potuisset
825 4259 853 4313 P
980 4261 1012 4314 27
1031 4276 1077 4315 our
1093 4260 1206 4329 scripsi.-

98 4361 161 4400 cum
178 4346 205 4396 P
312 4344 582 4415 inquiebam?
690 4345 792 4414 inquit,
809 4344 842 4414 si]
860 4345 973 4414 inquitis
990 4345 1044 4400 Sub
1154 4361 1208 4402 ser·

98 4431 183 4486 uictis
202 4430 256 4486 eoo
356 4432 390 4486 28
407 4431 544 4487 mnfidstis
562 4431 617 4487 Sub
718 4433 824 4486 nostrae
842 4431 897 4486 Sub
