2916 5010
527 489 632 545 Liber
648 487 685 545 H.
1135 493 1176 559 73

49 679 171 760 ruinis,
205 677 373 744 inlibatum
407 695 529 744 necesse
553 682 600 744 est
632 680 812 762 permaneat
844 679 876 744 et
897 678 1048 746 intactum
1082 697 1178 763 neque

50 785 159 850 ullum
182 801 306 849 sensum
328 780 507 848 mortiferae
529 781 679 864 passionis
710 782 878 848 adsumere.
912 781 1088 866 quidquod
1117 784 1180 850 ista

52 887 221 971 persuasio
236 906 295 951 non
317 887 442 952 tantum
464 886 511 950 est
532 886 693 953 incitatrix
722 887 761 952 ad
784 887 863 952 uitia
885 886 1030 953 libertate
1052 907 1088 951 ex
1110 887 1178 972 ipsa

50 991 210 1076 peccandi,
232 1009 341 1057 uerum
355 990 450 1056 etiam
465 990 675 1074 philosophiae
692 991 789 1074 ipsius
804 1009 928 1057 caumm
952 991 1038 1057 tollit
1061 992 1092 1056 et
1106 990 1175 1056 ina-

23 1096 138 1162 eniter
165 1113 234 1161 eam
267 1095 379 1178 suscipi
412 1096 628 1180 superuacanei
654 1094 659 1181 l
683 1095 782 1178 operis
815 1094 1000 1164 difficultate
1026 1095 1169 1160 declarat.
1187 1111 1206 1165 f.
1219 1111 1267 1167 aab

50 1219 128 1264 nam
150 1200 178 1265 si
199 1217 307 1264 uerum
329 1202 386 1279 est,
408 1200 526 1266 animas
547 1200 663 1266 nullius
686 1218 750 1266 esse
771 1199 937 1283 participes
959 1199 1028 1264 finis
1050 1202 1081 1265 et
1104 1218 1175 1265 cum

52 1303 201 1370 omnibus
224 1304 355 1370 saeculis
377 1319 523 1370 asnorum
538 1303 745 1386 perpetuitate
766 1305 937 1386 procedere,
960 1303 1034 1386 quid
1049 1303 1178 1386 periculi

51 1427 104 1472 res
127 1408 221 1473 habet
243 1407 429 1492 contemptis
461 1407 746 1492 praetermissisque
768 1406 954 1488 uirtutibus,
992 1407 1104 1490 quibus
1132 1409 1179 1474 est

52 1511 243 1578 contractior
264 1512 356 1595 atque
388 1512 539 1577 horridior
559 1512 635 1595 uita
658 1511 871 1597 uoluptatibus
904 1529 936 1578 se
965 1511 1037 1577 dare
1069 1529 1105 1576 aa
1126 1529 1181 1593 per

11 1637 39 1675 ιο
53 1615 163 1680 omnia
183 1615 349 1680 libidinum
372 1632 482 1700 genera
503 1614 683 1681 effrenatum
716 1634 860 1700 spargere
880 1615 1038 1680 inmensae
1060 1614 1180 1699 cupidi·

52 1721 135 1786 tatis
157 1719 317 1786 ardorem?
338 1737 377 1785 ne
400 1718 519 1784 deliciis
542 1721 676 1785 marceat
698 1719 731 1784 et
751 1719 964 1802 conrumpatur
984 1717 1179 1784 mollitudine

52 1824 231 1890 uitiorum?
253 1827 285 1889 et
306 1842 367 1906 qua
387 1823 500 1906 poterit
522 1823 640 1890 ratione
661 1823 814 1906 corrumpi
836 1823 868 1887 id
891 1823 972 1905 quod
993 1821 1178 1902 immortale,

53 1927 154 2010 quod*
162 1946 281 2014 semper
303 1928 350 1992 est
372 1930 403 1993 et
431 1927 511 1992 nulli
536 1927 700 1992 obnoxium
729 1927 885 2011 passioni?
913 1946 951 1991 ne
972 1927 1127 1992 sordescat
1149 1927 1179 1992 et

53 2031 218 2113 polluatur
246 2031 402 2098 actionum
435 2030 575 2113 turpium
602 2030 770 2096 foeditate?
804 2031 835 2094 et
857 2032 910 2113 qui
942 2030 1056 2113 poterit
1082 2030 1179 2112 pollui

13 2153 40 2192 1⁵
58 2136 249 2219 corporalem
272 2135 352 2217 quod
374 2134 581 2200 substantiam
603 2152 663 2198 non
685 2134 791 2212 habet,
822 2134 876 2198 aut
897 2132 951 2197 ubi
977 2133 1080 2200 sedem
1104 2151 1178 2198 con-

55 2238 223 2304 taminatio
245 2255 365 2323 ponere,
389 2237 442 2304 ubi
458 2238 592 2321 spatium
607 2238 730 2304 nullum
752 2239 799 2304 est
820 2236 853 2302 iu
868 2254 927 2319 quo
942 2237 1014 2303 uota
1036 2256 1068 2303 ee
1082 2239 1180 2322 possit
1250 2249 1252 2254 ·

56 2343 158 2426 ipsine
181 2341 449 2410 contaminationis
482 2341 637 2427 adfigere?
669 2359 774 2408 rursm
806 2360 879 2408 uero
912 2341 938 2406 si
971 2341 1091 2407 animae
1123 2340 1179 2406 leti

57 2448 174 2513 adeunt
196 2447 313 2526 ianuae,
335 2446 462 2531 Epicuri
483 2450 519 2512 ut
542 2447 693 2512 sententia
707 2446 861 2525 definitur,
885 2463 940 2510 nec
962 2445 1006 2511 sic
1025 2449 1179 2511 causaest

57 2553 240 2635 conpetens,
274 2569 328 2616 cur
350 2551 449 2633 expeti
478 2549 671 2634 philosophia
698 2550 824 2629 debeat,
847 2549 971 2616 etiamsi
1002 2568 1111 2614 uerum
1133 2549 1179 2614 eet

17 2689 45 2728 20
60 2654 189 2738 purgari
210 2655 268 2722 hac
291 2654 408 2720 animae
432 2655 524 2738 atque
547 2653 586 2719 ab
608 2655 691 2720 omui
713 2672 804 2736 puras
826 2653 998 2719 uitiositate
1019 2652 1178 2736 praestari.

57 2777 133 2825 nam
147 2759 174 2824 ei
189 2758 393 2825 communiter
407 2757 520 2824 obeunt
535 2760 565 2822 et
580 2776 651 2824 cum
665 2757 741 2840 ipsis
756 2756 931 2841 corporibus
947 2774 1051 2822 sensus
1067 2756 1111 2821 eis
1126 2756 1178 2821 de·

58 2863 141 2946 perit
169 2862 420 2948 extinguiturque
447 2861 569 2940 uitalis,
602 2881 663 2927 non
685 2863 807 2927 tantum
842 2862 889 2925 eet
911 2861 1020 2926 erroris
1050 2857 1179 2926 maximi

58 2987 168 3032 uemm
191 2967 319 3034 stolidae
342 2967 511 3046 caecitatis,
534 2966 653 3032 frenare
674 2965 829 3051 ingenitos
852 2963 1017 3048 adpetitus,
1040 2963 1180 3030 cohibere

57 3073 93 3137 in
116 3073 268 3158 angustiis
290 3072 399 3151 uitam,
433 3071 512 3138 nihil
534 3070 694 3155 indulgere
726 3070 869 3147 naturae,
903 3085 965 3132 non
993 3068 1073 3150 quod
1095 3066 1179 3148 eupi-

17 3206 44 3245 25
60 3177 147 3243 dines
169 3177 314 3243 iusserint
329 3177 421 3259 atque
436 3173 654 3259 instigauerint
669 3175 775 3252 facere,
798 3192 869 3238 cum
883 3172 970 3237 nulla
991 3172 1022 3236 tc
1042 3169 1180 3254 praemia

58 3281 141 3346 tanti
163 3281 277 3348 laboris
300 3281 459 3364 expectent
481 3297 551 3344 cum
573 3277 639 3343 dies
654 3276 764 3342 mortis
779 3275 938 3342 aduenerit
960 3275 993 3340 et
1013 3272 1178 3357 corporali·

59 3386 119 3450 hue
151 3383 245 3450 fueris
277 3383 412 3450 uinculis
446 3381 610 3448 exsolutus.
647 3380 795 3446 medietas
825 3377 830 3464 Ι
861 3395 932 3463 ergo
964 3367 1114 3461 quaedam
1146 3380 1223 3450 eta!

60 3488 236 3554 animarum
251 3506 360 3571 anceps
376 3486 581 3572 ambiguaque
596 3486 705 3550 natura
720 3485 822 3549 locum
837 3482 1046 3567 philosophiae
1060 3480 1178 3563 peperit
1186 3470 1206 3524 f.
1219 3471 1254 3524 43

60 3593 93 3657 et
115 3610 238 3658 causam
260 3611 314 3659 our
336 3591 528 3674 appeteretur
549 3589 683 3668 inuenit,
713 3589 786 3654 dum
807 3584 978 3669 periculum
1000 3583 1120 3651 seilicet
1142 3604 1178 3649 ex

96 3924 113 3977 2
131 3923 253 3978 adsumat
272 3923 323 3979 Ure
425 3922 442 3977 5
459 3921 648 3990 superuacanei
661 3920 732 3976 aue:
744 3919 964 3990 superuacuaneis
978 3915 1178 3986 Psnperuacua

63 4009 229 4066 Stomacha'ue
351 4007 561 4063 Saeuirtutibue
580 4007 608 4061 P
731 4005 764 4060 10
781 4006 893 4075 spatiari
912 4005 1076 4060 Stetoeche'ue

62 4097 95 4148 11
113 4094 205 4149 ardore
223 4093 386 4150 stewechius
498 4095 613 4148 marceat
631 4093 659 4147 P
673 4108 735 4148 corr
842 4088 877 4149 16
896 4107 991 4160 ponere
1010 4089 1079 4147 Sat.-
1097 4103 1177 4159 pone·

62 4182 143 4235 retP
244 4181 276 4233 ll
289 4196 380 4235 rursus
393 4181 421 4236 P
519 4179 552 4234 18
565 4179 758 4234 sicSobrsiP
860 4177 892 4232 19
904 4175 1076 4246 fl10·⁶pniuP

60 4267 99 4321 sit
120 4267 172 4321 Urs
274 4267 308 4321 20
325 4267 374 4320 hac
397 4266 464 4321 Ure.-
482 4267 532 4319 has
546 4265 573 4319 P
673 4265 707 4319 21
726 4279 786 4318 cum
803 4263 870 4319 Ure:
887 4263 956 4318 inP
1058 4263 1094 4317 22
1107 4262 1178 4317 bita·

61 4354 97 4407 lis
116 4354 143 4408 P
243 4353 277 4408 26
294 4354 453 4408 adsueuerit
472 4355 499 4408 P
602 4353 636 4408 28
654 4351 809 4421 philosofiae
827 4351 854 4405 P
959 4351 993 4404 29
1012 4351 1178 4420 appeteretur

61 4441 123 4508 aab,
142 4457 172 4495 r.-
189 4442 314 4511 appetere
333 4457 379 4495 cur
398 4443 426 4496 P
