2888 5008
258 475 319 542 196
558 470 703 526 Aruobii
726 471 887 525 aduersus
913 469 1068 524 nationes

255 644 447 730 conquirere:
468 643 566 710 sumit
586 643 667 711 feces
681 644 819 728 geminas
832 641 967 710 flammis
982 639 1200 725 conprehensas
1215 643 1383 725 Aetnaeis,

254 749 365 832 quibus
387 746 448 813 sibi
469 745 646 829 praelucens
673 744 775 830 pergit
797 747 841 812 ire
863 745 1038 828 quaesitum
1060 748 1213 811 terrarum
1233 747 1271 810 in
1296 747 1383 830 regi·

203 852 363 919 bissibus
385 849 512 921 emetis.
545 850 578 916 in
600 849 691 916 istius
714 848 945 932 conquisitionis
966 867 1066 915 errore
1080 849 1254 914 Eleusinios
1280 849 1380 914 etiarn

253 953 432 1038 peruehitur
453 953 537 1018 fines.
570 952 642 1038 pagi
664 953 749 1018 istud
771 955 818 1018 est
838 971 950 1017 nomen
972 953 1094 1036 regione
1115 953 1149 1016 in
1171 949 1283 1016 Attica
1308 969 1379 1016 con-

253 1058 368 1124 stituti.
408 1055 541 1139 quinque
570 1054 651 1120 illud
677 1054 824 1138 temporis
854 1055 910 1120 has
938 1059 1042 1137 partes
1071 1053 1249 1120 incolebant
1283 1054 1405 1120 terri-s

252 1179 363 1245 genae,
393 1159 504 1241 quibus
525 1159 649 1224 nomina
670 1157 746 1224 haec
764 1159 901 1224 fuerant:
931 1157 1039 1224 Baubo
1067 1157 1283 1241 Triptolemus
1315 1159 1378 1222 Eu·

252 1264 372 1346 molpus
399 1262 556 1328 Eubuleus
584 1262 749 1345 Dysaules:
780 1261 874 1326 bourn
906 1262 1030 1346 iugetor
1062 1261 1294 1346 Triptolemus,
1328 1281 1377 1327 oa·

251 1365 405 1450 pellarum
426 1363 577 1450 Dysaules
606 1365 718 1444 aurbs,
751 1363 909 1429 Eubuleus
934 1381 1109 1446 porcorum,
1139 1365 1244 1448 gregis
1267 1366 1376 1430 lanitii

251 1469 430 1550 Eumolpus,
455 1485 474 1532 a
495 1485 555 1550 quo
577 1485 652 1552 gens
676 1465 781 1533 ecfluit
794 1465 1050 1548 Eumolpidarum
1065 1469 1097 1532 et
1111 1467 1236 1532 ducitur
1251 1467 1375 1532 clarum

250 1571 331 1637 illud
351 1571 432 1653 apud
455 1567 613 1652 Cecropios
634 1588 747 1635 nomeu
768 1570 799 1634 et
821 1569 875 1652 qui
897 1571 1003 1651 postea
1030 1569 1200 1636 floruerunt
1223 1573 1402 1636 caduces-o

250 1678 341 1752 tores,
370 1672 588 1756 hierophantae
611 1673 703 1754 atque
724 1688 897 1754 praecones.
931 1673 1029 1757 igitur
1050 1673 1159 1739 Baubo
1181 1673 1254 1752 illa,
1281 1693 1375 1756 quam

249 1778 383 1844 incolam
416 1774 549 1840 diximus
575 1775 726 1840 Eleusinii
747 1773 842 1840 luisse
874 1774 964 1858 pagi,
998 1775 1088 1840 malis
1121 1776 1375 1843 multiformibus

249 1881 413 1964 fatigatam
435 1877 546 1959 accipit
567 1877 701 1958 hospitio
717 1873 867 1956 Cererem,
889 1877 1035 1944 adulatur
1058 1878 1210 1961 obsequiis
1226 1880 1375 1954 mitibus,
1437 1891 1438 1896 ’

248 1983 403 2049 reficiendi
425 1979 559 2062 corpora
581 1979 670 2064 ιοςιι
693 1997 798 2044 euram
820 1981 857 2044 ue
877 1979 1006 2060 naseas,
1029 1981 1164 2047 sitientis
1186 1981 1295 2048 ardori
1319 2001 1375 2068 og·

250 2088 330 2174 gerit
352 2084 507 2169 potionem
528 2082 621 2161 cinni,
646 2099 807 2166 cyceonem
830 2100 922 2165 quam
938 2086 1095 2167 nuncupat
1110 2085 1256 2153 Graecia:
1282 2103 1403 2152 aner-s
1437 2105 1438 2124 ι

250 2191 336 2255 satur
357 2191 389 2252 et
410 2185 529 2267 respuit
550 2185 752 2250 humanitatis
774 2183 875 2250 officia
896 2203 1036 2278 maerens
1056 2187 1113 2252 dee
1132 2205 1189 2252 neo
1210 2207 1283 2252 eam
1313 2189 1375 2252 for-

249 2296 327 2357 tuna
355 2289 525 2372 perpetitur
557 2288 746 2354 ualetudinis
778 2287 965 2354 meminisse.
1002 2291 1097 2355 comis
1119 2293 1208 2374 rogat
1234 2291 1296 2364 illa
1327 2293 1375 2357 at-

249 2413 308 2477 que
338 2392 478 2458 hortatur
510 2392 628 2471 contra,
663 2388 745 2455 sieut
766 2409 833 2455 mos
855 2393 902 2456 est
923 2392 956 2456 in
977 2393 1154 2459 huiusmodi
1177 2396 1316 2474 casibus,
1339 2415 1376 2460 ne

144 2497 412 2563 crrrrfestidium
444 2512 516 2560 suae
545 2493 750 2559 humanitatis
776 2491 781 2580 Ι
807 2496 965 2560 adsumat:
1003 2494 1247 2563 obstinatissime
1279 2499 1375 2562 durat
1436 2535 1437 2542 ι

247 2597 336 2664 Ceres
361 2603 391 2664 et
413 2598 525 2682 rigoris
545 2597 692 2662 indomiti
720 2597 923 2679 pertinaciam
945 2597 1069 2664 retinet.
1103 2601 1282 2683 quodcum
1308 2621 1404 2667 sae-s

246 2704 316 2786 pius
339 2702 426 2768 fieret
447 2719 543 2784 neque
564 2701 639 2765 ullis
661 2701 762 2782 quiret
782 2700 940 2784 obsequiis
962 2701 1160 2768 ineluctabile
1174 2705 1375 2787 propositum

245 2806 388 2889 fatigari,
412 2804 508 2870 uert't
528 2803 636 2868 Baubo
658 2803 739 2868 artes
763 2806 794 2868 et
816 2823 909 2886 quam
932 2804 1010 2870 serio
1032 2824 1092 2870 non
1114 2807 1223 2890 quibat
1245 2809 1374 2873 allicere
1435 2805 1436 2820 ¹

244 2909 451 2974 ludibriorum
466 2907 578 2972 statuit
593 2905 764 2971 exhilarare
778 2907 952 2972 miraculis:
974 2911 1096 2990 partem
1116 2909 1204 2974 illam
1219 2913 1371 2995 corporis,

244 3029 299 3093 per
320 3029 413 3093 quam
434 3029 522 3075 secus
543 3009 712 3074 femineum
734 3012 766 3074 ct
788 3011 926 3076 subolem
951 3011 1079 3093 prodere
1099 3015 1132 3077 et
1152 3031 1265 3078 nomen
1290 3016 1372 3080 solet

347 3164 363 3217 3
380 3179 437 3232 sqq.
455 3162 576 3216 Clemens
593 3161 668 3216 Alex.
687 3165 768 3231 protr.
786 3164 811 3230 2,
830 3164 864 3218 20

279 3287 295 3340 1
307 3284 501 3354 comprehensas
518 3283 582 3338 Gal.-
600 3298 677 3336 onere
688 3298 792 3350 pressas
803 3283 831 3337 P
933 3283 1059 3340 Aetnaeis
1073 3285 1137 3340 Gal:
1155 3287 1242 3342 etneis
1254 3289 1285 3342 P
1295 3292 1371 3344 otne-

245 3369 288 3424 his
300 3387 314 3424 c
326 3374 354 3425 et
366 3370 450 3424 etneis
464 3369 518 3424 sae
591 3367 608 3421 3
620 3367 771 3422 Eleusinios
783 3357 874 3423 Solon.-
886 3369 1045 3426 eleusionios
1058 3373 1085 3426 P
1096 3373 1224 3426 eleusinos
1240 3373 1300 3428 Sub

244 3457 262 3509 5
278 3455 393 3525 quinque
410 3455 572 3510 Liuineius:
593 3455 639 3523 qui
657 3453 685 3508 P
701 3457 780 3522 atque
797 3455 939 3510 Heroides
1040 3458 1057 3511 6
1074 3460 1249 3528 treptolemus
1268 3461 1299 3514 P

245 3539 754 3608 lEubulens...TriptolemusomSab
844 3541 954 3596 disa¹¹les
967 3543 995 3596 P
1084 3545 1258 3613 treptolemus
1271 3545 1302 3600 P

244 3627 436 3682 8euboleusP
532 3627 737 3695 gregesPcorr
833 3626 1084 3697 9Eumolpus8ub
1097 3646 1128 3683 r:
1146 3632 1301 3700 euolpusP

244 3714 271 3766 et
288 3728 352 3782 gens
374 3713 424 3767 Get
536 3711 621 3765 effluit
642 3712 785 3778 Caeteros,
808 3713 874 3767 Ure.-
897 3716 924 3767 et
940 3713 1002 3768 fluit
1019 3714 1047 3767 P
1067 3715 1130 3769 fluit
1152 3716 1205 3771 cer
1321 3719 1369 3773 du·

243 3798 319 3853 cit?
424 3799 457 3851 11
475 3797 638 3852 bierofantae
654 3799 681 3851 P
784 3797 897 3852 eleusini
916 3798 943 3853 P
1049 3802 1084 3855 14
1099 3801 1232 3856 reficiendi
1252 3801 1321 3869 Sub,
1338 3821 1370 3858 r:

243 3883 385 3954 repiciendi
403 3885 431 3937 P
551 3884 668 3938 sitientis
690 3885 832 3940 Oeblcrecs:
856 3884 960 3938 sitienti
977 3887 1006 3940 P
1027 3887 1135 3941 sitiendi
1152 3888 1300 3942 Meureiece

244 3969 331 4024 a¹dori
348 3971 377 4024 P
393 3969 481 4023 adoris
494 3968 568 4023 Smne
670 3971 706 4025 15
723 3969 796 4024 cinni
807 3971 920 4039 scripsi.-
937 3986 1033 4040 cyrrum
1045 3973 1072 4027 P
1089 3971 1198 4028 cinnum
1209 3990 1233 4040 r,
1252 3973 1369 4028 E'lmen

243 4057 358 4110 metiar
441 4071 546 4124 quemr
630 4057 786 4125 graesciaP
866 4056 899 4110 16
916 4056 1024 4112 fortuna
1040 4058 1103 4115 der.-
1121 4057 1257 4113 fortunam
1272 4059 1303 4112 P

244 4142 277 4194 17
301 4142 381 4196 comis
408 4141 552 4196 Oehlerrce:
580 4142 727 4196 eommunis
751 4143 779 4196 P
929 4143 1082 4199 meminisse
1105 4145 1259 4200 eommunis.
1284 4149 1369 4216 rogat

243 4226 327 4296 sculpo
437 4227 470 4281 18
486 4243 518 4280 ne
536 4225 607 4281 Sub:
631 4241 680 4281 ane
698 4227 725 4282 P
748 4244 826 4294 anus,
849 4243 882 4281 ne
899 4229 1040 4285 Heroides
1063 4234 1094 4284 ut
1112 4246 1144 4284 ne
1166 4231 1298 4286 Oeblcrece

244 4313 277 4367 22
294 4313 389 4382 quibat
406 4313 469 4380 Sub,
486 4330 517 4367 r:
534 4311 608 4383 quib
625 4315 654 4368 at
672 4315 700 4372 P
800 4315 834 4369 23
851 4315 977 4370 exilarare
994 4318 1022 4371 P
1124 4319 1158 4373 24
1175 4333 1252 4373 sexus
1271 4319 1367 4374 foemi-

239 4399 320 4453 'neam
339 4398 394 4454 aab
