<?xml version="1.0" encoding="UTF-8"?>
<!DOCTYPE html PUBLIC "-//W3C//DTD XHTML 1.0 Transitional//EN"
    "http://www.w3.org/TR/xhtml1/DTD/xhtml1-transitional.dtd">
<html xmlns="http://www.w3.org/1999/xhtml" xml:lang="en" lang="en">
 <head>
  <title>
</title>
<meta http-equiv="Content-Type" content="text/html;charset=utf-8" />
  <meta name='ocr-system' content='tesseract 3.04.00' />
  <meta name='ocr-capabilities' content='ocr_page ocr_carea ocr_par ocr_line ocrx_word'/>
</head>
<body>
  <div class='ocr_page' id='page_1' title='image "./corpusscriptoru09wissgoog_0021.png"; bbox 0 0 2950 5006; ppageno 0'>
   <div class='ocr_carea' id='block_1_1' title="bbox 283 484 348 576">
    <p class='ocr_par' dir='ltr' id='par_1_1' title="bbox 283 484 348 576">
     <span class='ocr_line' id='line_1_1' title="bbox 283 484 348 576; baseline -0.062 0"><span class='ocrx_word' id='word_1_1' title='bbox 283 484 348 576; x_wconf 76' lang='grc' dir='ltr'>ιιι</span> 
     </span>
    </p>
   </div>
   <div class='ocr_carea' id='block_1_2' title="bbox 284 691 1411 880">
    <p class='ocr_par' dir='ltr' id='par_1_2' title="bbox 284 691 1411 880">
     <span class='ocr_line' id='line_1_2' title="bbox 284 691 1411 776; baseline 0.001 -20"><span class='ocrx_word' id='word_1_2' title='bbox 284 691 504 776; x_wconf 85' lang='lat' dir='ltr'>terpolationea</span> <span class='ocrx_word' id='word_1_3' title='bbox 520 692 715 774; x_wconf 75' lang='lat' dir='ltr'>detegebant.</span> <span class='ocrx_word' id='word_1_4' title='bbox 737 707 925 773; x_wconf 88' lang='lat' dir='ltr'>quamquam</span> <span class='ocrx_word' id='word_1_5' title='bbox 939 691 1035 756; x_wconf 89' lang='lat' dir='ltr'>mirae</span> <span class='ocrx_word' id='word_1_6' title='bbox 1049 691 1278 757; x_wconf 77' lang='lat' dir='ltr'>inconstantiae</span> <span class='ocrx_word' id='word_1_7' title='bbox 1290 695 1411 757; x_wconf 89' lang='lat' dir='ltr'>tenen-</span> 
     </span>
     <span class='ocr_line' id='line_1_3' title="bbox 290 793 1411 880; baseline 0.001 -20"><span class='ocrx_word' id='word_1_8' title='bbox 290 797 351 875; x_wconf 80' lang='lat' dir='ltr'>tur,</span> <span class='ocrx_word' id='word_1_9' title='bbox 374 797 454 880; x_wconf 88' lang='lat' dir='ltr'>quod</span> <span class='ocrx_word' id='word_1_10' title='bbox 476 794 584 870; x_wconf 88' lang='lat' dir='ltr'>multa,</span> <span class='ocrx_word' id='word_1_11' title='bbox 607 811 686 878; x_wconf 86' lang='lat' dir='ltr'>quae</span> <span class='ocrx_word' id='word_1_12' title='bbox 707 795 814 860; x_wconf 89' lang='lat' dir='ltr'>eodem</span> <span class='ocrx_word' id='word_1_13' title='bbox 835 795 900 860; x_wconf 89' lang='lat' dir='ltr'>iure</span> <span class='ocrx_word' id='word_1_14' title='bbox 923 793 1011 860; x_wconf 91' lang='lat' dir='ltr'>obelo</span> <span class='ocrx_word' id='word_1_15' title='bbox 1033 797 1169 860; x_wconf 89' lang='lat' dir='ltr'>notanda</span> <span class='ocrx_word' id='word_1_16' title='bbox 1190 798 1287 872; x_wconf 84' lang='lat' dir='ltr'>erant,</span> <span class='ocrx_word' id='word_1_17' title='bbox 1310 813 1411 878; x_wconf 92' lang='lat' dir='ltr'>prae-</span> 
     </span>
    </p>
   </div>
   <div class='ocr_carea' id='block_1_3' title="bbox 290 896 1469 980">
    <p class='ocr_par' dir='ltr' id='par_1_3' title="bbox 290 896 1469 980">
     <span class='ocr_line' id='line_1_4' title="bbox 290 896 1469 980; baseline 0 -19"><span class='ocrx_word' id='word_1_18' title='bbox 290 899 498 964; x_wconf 89' lang='lat' dir='ltr'>termisemnt.</span> <span class='ocrx_word' id='word_1_19' title='bbox 514 897 580 980; x_wconf 90' lang='lat' dir='ltr'>ipso</span> <span class='ocrx_word' id='word_1_20' title='bbox 596 897 817 963; x_wconf 85' lang='lat' dir='ltr'>eonsuetudiue</span> <span class='ocrx_word' id='word_1_21' title='bbox 831 896 962 965; x_wconf 76' lang='lat' dir='ltr'>motii</span> <span class='ocrx_word' id='word_1_22' title='bbox 976 897 1110 963; x_wconf 86' lang='lat' dir='ltr'>fideliter</span> <span class='ocrx_word' id='word_1_23' title='bbox 1121 900 1296 963; x_wconf 89' lang='lat' dir='ltr'>examinata</span> <span class='ocrx_word' id='word_1_24' title='bbox 1306 897 1413 964; x_wconf 89' lang='lat' dir='ltr'>libros</span> <span class='ocrx_word' id='word_1_25' title='bbox 1468 935 1469 950; x_wconf 42' lang='grc' dir='ltr'>ι</span> 
     </span>
    </p>
   </div>
   <div class='ocr_carea' id='block_1_4' title="bbox 292 1001 1469 1090">
    <p class='ocr_par' dir='ltr' id='par_1_4' title="bbox 292 1001 1469 1090">
     <span class='ocr_line' id='line_1_5' title="bbox 292 1001 1469 1090; baseline -0.001 -24"><span class='ocrx_word' id='word_1_26' title='bbox 292 1003 358 1068; x_wconf 87' lang='grc' dir='ltr'>ιιιι</span> <span class='ocrx_word' id='word_1_27' title='bbox 390 1001 678 1086; x_wconf 87' lang='lat' dir='ltr'>interpolationibus</span> <span class='ocrx_word' id='word_1_28' title='bbox 711 1001 776 1066; x_wconf 85' lang='lat' dir='ltr'>iere</span> <span class='ocrx_word' id='word_1_29' title='bbox 810 1001 963 1066; x_wconf 88' lang='lat' dir='ltr'>immunes</span> <span class='ocrx_word' id='word_1_30' title='bbox 993 1017 1059 1066; x_wconf 81' lang='lat' dir='ltr'>ense</span> <span class='ocrx_word' id='word_1_31' title='bbox 1088 1018 1159 1067; x_wconf 88' lang='lat' dir='ltr'>eum</span> <span class='ocrx_word' id='word_1_32' title='bbox 1188 1001 1415 1079; x_wconf 82' lang='lat' dir='ltr'>intellexerim,</span> <span class='ocrx_word' id='word_1_33' title='bbox 1468 1011 1469 1090; x_wconf 61' lang='lat' dir='ltr'>l</span> 
     </span>
    </p>
   </div>
   <div class='ocr_carea' id='block_1_5' title="bbox 289 1103 1419 2322">
    <p class='ocr_par' dir='ltr' id='par_1_5' title="bbox 289 1103 1419 2322">
     <span class='ocr_line' id='line_1_6' title="bbox 289 1103 1415 1171; baseline 0 -1"><span class='ocrx_word' id='word_1_34' title='bbox 289 1124 372 1171; x_wconf 91' lang='lat' dir='ltr'>nune</span> <span class='ocrx_word' id='word_1_35' title='bbox 394 1106 469 1171; x_wconf 83' lang='lat' dir='ltr'>satie</span> <span class='ocrx_word' id='word_1_36' title='bbox 490 1104 589 1171; x_wconf 88' lang='lat' dir='ltr'>babeo</span> <span class='ocrx_word' id='word_1_37' title='bbox 609 1104 758 1170; x_wconf 80' lang='lat' dir='ltr'>lectorem</span> <span class='ocrx_word' id='word_1_38' title='bbox 779 1104 819 1170; x_wconf 94' lang='lat' dir='ltr'>ad</span> <span class='ocrx_word' id='word_1_39' title='bbox 832 1103 967 1170; x_wconf 87' lang='lat' dir='ltr'>indioem</span> <span class='ocrx_word' id='word_1_40' title='bbox 981 1103 1150 1170; x_wconf 85' lang='lat' dir='ltr'>uerborum</span> <span class='ocrx_word' id='word_1_41' title='bbox 1164 1107 1196 1170; x_wconf 92' lang='lat' dir='ltr'>et</span> <span class='ocrx_word' id='word_1_42' title='bbox 1210 1105 1415 1170; x_wconf 79' lang='lat' dir='ltr'>locutionum</span> 
     </span>
     <span class='ocr_line' id='line_1_7' title="bbox 289 1207 1417 1294; baseline 0 -21"><span class='ocrx_word' id='word_1_43' title='bbox 289 1229 319 1293; x_wconf 87' lang='lat' dir='ltr'>p.</span> <span class='ocrx_word' id='word_1_44' title='bbox 343 1208 406 1273; x_wconf 74' lang='lat'>347</span> <span class='ocrx_word' id='word_1_45' title='bbox 428 1225 475 1290; x_wconf 90' lang='lat' dir='ltr'>sq.</span> <span class='ocrx_word' id='word_1_46' title='bbox 498 1209 662 1294; x_wconf 86' lang='lat' dir='ltr'>relegaeee.</span> <span class='ocrx_word' id='word_1_47' title='bbox 684 1209 782 1272; x_wconf 83' lang='lat' dir='ltr'>restat</span> <span class='ocrx_word' id='word_1_48' title='bbox 797 1209 833 1273; x_wconf 88' lang='lat' dir='ltr'>ut</span> <span class='ocrx_word' id='word_1_49' title='bbox 848 1225 993 1274; x_wconf 88' lang='lat' dir='ltr'>moneam</span> <span class='ocrx_word' id='word_1_50' title='bbox 1007 1225 1066 1292; x_wconf 87' lang='lat' dir='ltr'>quo</span> <span class='ocrx_word' id='word_1_51' title='bbox 1081 1209 1183 1294; x_wconf 88' lang='lat' dir='ltr'>magia</span> <span class='ocrx_word' id='word_1_52' title='bbox 1198 1207 1417 1275; x_wconf 81' lang='lat' dir='ltr'>tumultuaria</span> 
     </span>
     <span class='ocr_line' id='line_1_8' title="bbox 292 1309 1417 1394; baseline -0.001 -18"><span class='ocrx_word' id='word_1_53' title='bbox 292 1309 424 1376; x_wconf 81' lang='lat' dir='ltr'>Arnobii</span> <span class='ocrx_word' id='word_1_54' title='bbox 456 1329 548 1394; x_wconf 87' lang='lat' dir='ltr'>opera</span> <span class='ocrx_word' id='word_1_55' title='bbox 579 1310 614 1375; x_wconf 92' lang='lat' dir='ltr'>in</span> <span class='ocrx_word' id='word_1_56' title='bbox 646 1313 851 1392; x_wconf 82' lang='lat' dir='ltr'>conponendis</span> <span class='ocrx_word' id='word_1_57' title='bbox 883 1311 933 1376; x_wconf 87' lang='lat' dir='ltr'>bie</span> <span class='ocrx_word' id='word_1_58' title='bbox 966 1311 1052 1378; x_wconf 87' lang='lat' dir='ltr'>libris</span> <span class='ocrx_word' id='word_1_59' title='bbox 1084 1311 1194 1390; x_wconf 83' lang='lat' dir='ltr'>tuerit,</span> <span class='ocrx_word' id='word_1_60' title='bbox 1227 1329 1261 1376; x_wconf 91' lang='lat' dir='ltr'>eo</span> <span class='ocrx_word' id='word_1_61' title='bbox 1291 1311 1417 1377; x_wconf 83' lang='lat' dir='ltr'>diffiei-</span> 
     </span>
     <span class='ocr_line' id='line_1_9' title="bbox 290 1413 1419 1498; baseline 0 -20"><span class='ocrx_word' id='word_1_62' title='bbox 290 1414 403 1480; x_wconf 87' lang='lat' dir='ltr'>liorem</span> <span class='ocrx_word' id='word_1_63' title='bbox 416 1432 523 1480; x_wconf 88' lang='lat' dir='ltr'>eorum</span> <span class='ocrx_word' id='word_1_64' title='bbox 534 1414 629 1479; x_wconf 91' lang='lat' dir='ltr'>erisiu</span> <span class='ocrx_word' id='word_1_65' title='bbox 641 1431 715 1479; x_wconf 83' lang='lat' dir='ltr'>esse.</span> <span class='ocrx_word' id='word_1_66' title='bbox 731 1415 938 1498; x_wconf 79' lang='lat' dir='ltr'>Hieronymus</span> <span class='ocrx_word' id='word_1_67' title='bbox 950 1413 1033 1479; x_wconf 91' lang='lat' dir='ltr'>enim</span> <span class='ocrx_word' id='word_1_68' title='bbox 1045 1413 1077 1478; x_wconf 93' lang='lat' dir='ltr'>iu</span> <span class='ocrx_word' id='word_1_69' title='bbox 1089 1413 1231 1480; x_wconf 87' lang='lat' dir='ltr'>ebronioo</span> <span class='ocrx_word' id='word_1_70' title='bbox 1243 1415 1283 1480; x_wconf 89' lang='lat' dir='ltr'>ad</span> <span class='ocrx_word' id='word_1_71' title='bbox 1292 1433 1419 1480; x_wconf 85' lang='lat' dir='ltr'>annum</span> 
     </span>
     <span class='ocr_line' id='line_1_10' title="bbox 289 1516 1416 1601; baseline 0.003 -20"><span class='ocrx_word' id='word_1_72' title='bbox 289 1516 406 1582; x_wconf 81' lang='lat' dir='ltr'>Abrnh.</span> <span class='ocrx_word' id='word_1_73' title='bbox 434 1516 519 1583; x_wconf 83' lang='lat'><strong>2343</strong></span> <span class='ocrx_word' id='word_1_74' title='bbox 545 1520 667 1596; x_wconf 85' lang='lat' dir='ltr'>narrat,</span> <span class='ocrx_word' id='word_1_75' title='bbox 690 1517 877 1596; x_wconf 80' lang='grc' dir='ltr'>Αιιιιιιιι,</span> <span class='ocrx_word' id='word_1_76' title='bbox 904 1520 941 1582; x_wconf 93' lang='grc' dir='ltr'>ιι</span> <span class='ocrx_word' id='word_1_77' title='bbox 963 1516 1001 1582; x_wconf 90' lang='lat' dir='ltr'>ab</span> <span class='ocrx_word' id='word_1_78' title='bbox 1025 1517 1176 1601; x_wconf 87' lang='lat' dir='ltr'>episeopis</span> <span class='ocrx_word' id='word_1_79' title='bbox 1199 1517 1416 1584; x_wconf 75' lang='lat' dir='ltr'>Christianam</span> 
     </span>
     <span class='ocr_line' id='line_1_11' title="bbox 290 1619 1417 1703; baseline 0.002 -19"><span class='ocrx_word' id='word_1_80' title='bbox 290 1619 395 1696; x_wconf 89' lang='lat' dir='ltr'>fidem,</span> <span class='ocrx_word' id='word_1_81' title='bbox 419 1637 512 1702; x_wconf 90' lang='lat' dir='ltr'>quam</span> <span class='ocrx_word' id='word_1_82' title='bbox 534 1621 655 1703; x_wconf 81' lang='lat' dir='ltr'>se‘mper</span> <span class='ocrx_word' id='word_1_83' title='bbox 675 1621 913 1702; x_wconf 78' lang='lat' dir='ltr'>inpugnauerat</span> <span class='ocrx_word' id='word_1_84' title='bbox 936 1621 1118 1702; x_wconf 86' lang='lat' dir='ltr'>inpetraret,</span> <span class='ocrx_word' id='word_1_85' title='bbox 1141 1619 1237 1686; x_wconf 84' lang='lat' dir='ltr'>libros</span> <span class='ocrx_word' id='word_1_86' title='bbox 1259 1623 1417 1687; x_wconf 88' lang='lat' dir='ltr'>aduersus</span> 
     </span>
     <span class='ocr_line' id='line_1_12' title="bbox 292 1721 1418 1807; baseline 0.001 -20"><span class='ocrx_word' id='word_1_87' title='bbox 292 1723 432 1790; x_wconf 90' lang='lat' dir='ltr'>nationes</span> <span class='ocrx_word' id='word_1_88' title='bbox 455 1721 662 1789; x_wconf 88' lang='lat' dir='ltr'>elueubrasse.</span> <span class='ocrx_word' id='word_1_89' title='bbox 685 1722 766 1806; x_wconf 91' lang='lat' dir='ltr'>quod</span> <span class='ocrx_word' id='word_1_90' title='bbox 789 1722 866 1788; x_wconf 88' lang='lat' dir='ltr'>satie</span> <span class='ocrx_word' id='word_1_91' title='bbox 889 1722 1077 1788; x_wconf 83' lang='lat' dir='ltr'>festinanter</span> <span class='ocrx_word' id='word_1_92' title='bbox 1091 1743 1163 1788; x_wconf 92' lang='lat' dir='ltr'>eum</span> <span class='ocrx_word' id='word_1_93' title='bbox 1177 1723 1287 1789; x_wconf 83' lang='lat' dir='ltr'>fecisse</span> <span class='ocrx_word' id='word_1_94' title='bbox 1302 1727 1338 1789; x_wconf 93' lang='lat' dir='ltr'>ut</span> <span class='ocrx_word' id='word_1_95' title='bbox 1354 1742 1418 1807; x_wconf 89' lang='lat' dir='ltr'>per</span> 
     </span>
     <span class='ocr_line' id='line_1_13' title="bbox 296 1825 1416 1909; baseline 0 -19"><span class='ocrx_word' id='word_1_96' title='bbox 296 1844 329 1890; x_wconf 91' lang='lat' dir='ltr'>se</span> <span class='ocrx_word' id='word_1_97' title='bbox 351 1829 592 1891; x_wconf 77' lang='lat' dir='ltr'>consentaneum</span> <span class='ocrx_word' id='word_1_98' title='bbox 614 1828 672 1905; x_wconf 81' lang='lat' dir='ltr'>est,</span> <span class='ocrx_word' id='word_1_99' title='bbox 693 1825 740 1890; x_wconf 90' lang='grc' dir='ltr'>ιιι</span> <span class='ocrx_word' id='word_1_100' title='bbox 762 1825 963 1891; x_wconf 76' lang='lat' dir='ltr'>confirmatur</span> <span class='ocrx_word' id='word_1_101' title='bbox 986 1825 1035 1890; x_wconf 89' lang='lat' dir='ltr'>his</span> <span class='ocrx_word' id='word_1_102' title='bbox 1057 1827 1111 1908; x_wconf 86' lang='lat' dir='ltr'>qui</span> <span class='ocrx_word' id='word_1_103' title='bbox 1126 1831 1291 1909; x_wconf 87' lang='lat' dir='ltr'>supersunt</span> <span class='ocrx_word' id='word_1_104' title='bbox 1305 1826 1416 1908; x_wconf 88' lang='lat' dir='ltr'>libris,</span> 
     </span>
     <span class='ocr_line' id='line_1_14' title="bbox 292 1927 1419 2012; baseline 0.003 -20"><span class='ocrx_word' id='word_1_105' title='bbox 292 1931 329 1992; x_wconf 91' lang='grc' dir='ltr'>ιι</span> <span class='ocrx_word' id='word_1_106' title='bbox 359 1928 445 1994; x_wconf 89' lang='lat' dir='ltr'>idom</span> <span class='ocrx_word' id='word_1_107' title='bbox 466 1929 675 2011; x_wconf 84' lang='lat' dir='ltr'>Hieronymus</span> <span class='ocrx_word' id='word_1_108' title='bbox 704 1930 738 1993; x_wconf 91' lang='lat' dir='ltr'>in</span> <span class='ocrx_word' id='word_1_109' title='bbox 764 1929 897 2012; x_wconf 88' lang='lat' dir='ltr'>epistula</span> <span class='ocrx_word' id='word_1_110' title='bbox 918 1931 959 1994; x_wconf 90' lang='lat' dir='ltr'>ad</span> <span class='ocrx_word' id='word_1_111' title='bbox 980 1927 1148 1994; x_wconf 87' lang='lat' dir='ltr'>Paulinum</span> <span class='ocrx_word' id='word_1_112' title='bbox 1169 1927 1365 2012; x_wconf 85' lang='lat' dir='ltr'>inaequalem</span> <span class='ocrx_word' id='word_1_113' title='bbox 1379 1937 1419 1995; x_wconf 91' lang='lat' dir='ltr'>et</span> 
     </span>
     <span class='ocr_line' id='line_1_15' title="bbox 294 2031 1417 2114; baseline 0.002 -19"><span class='ocrx_word' id='word_1_114' title='bbox 294 2032 427 2096; x_wconf 88' lang='lat' dir='ltr'>nimium</span> <span class='ocrx_word' id='word_1_115' title='bbox 448 2035 480 2097; x_wconf 91' lang='lat' dir='ltr'>et</span> <span class='ocrx_word' id='word_1_116' title='bbox 500 2033 614 2113; x_wconf 90' lang='lat' dir='ltr'>absque</span> <span class='ocrx_word' id='word_1_117' title='bbox 642 2033 741 2114; x_wconf 88' lang='lat' dir='ltr'>operis</span> <span class='ocrx_word' id='word_1_118' title='bbox 769 2031 818 2097; x_wconf 91' lang='lat' dir='ltr'>sui</span> <span class='ocrx_word' id='word_1_119' title='bbox 844 2031 1012 2114; x_wconf 84' lang='lat' dir='ltr'>partitione</span> <span class='ocrx_word' id='word_1_120' title='bbox 1034 2033 1197 2098; x_wconf 82' lang='lat' dir='ltr'>eoniusum</span> <span class='ocrx_word' id='word_1_121' title='bbox 1218 2035 1294 2101; x_wconf 73' lang='lat' dir='ltr'>iure,</span> <span class='ocrx_word' id='word_1_122' title='bbox 1307 2034 1417 2097; x_wconf 86' lang='lat' dir='ltr'>Arno-</span> 
     </span>
     <span class='ocr_line' id='line_1_16' title="bbox 295 2133 1418 2217; baseline 0.001 -17"><span class='ocrx_word' id='word_1_123' title='bbox 295 2133 383 2200; x_wconf 90' lang='lat' dir='ltr'>bium</span> <span class='ocrx_word' id='word_1_124' title='bbox 410 2134 502 2200; x_wconf 89' lang='lat' dir='ltr'>dieat.</span> <span class='ocrx_word' id='word_1_125' title='bbox 533 2133 682 2199; x_wconf 91' lang='lat' dir='ltr'>nimirum</span> <span class='ocrx_word' id='word_1_126' title='bbox 709 2136 740 2199; x_wconf 93' lang='lat' dir='ltr'>in</span> <span class='ocrx_word' id='word_1_127' title='bbox 769 2134 830 2199; x_wconf 91' lang='lat' dir='ltr'>fine</span> <span class='ocrx_word' id='word_1_128' title='bbox 858 2135 955 2199; x_wconf 85' lang='lat' dir='ltr'>totius</span> <span class='ocrx_word' id='word_1_129' title='bbox 983 2135 1084 2217; x_wconf 91' lang='lat' dir='ltr'>operis</span> <span class='ocrx_word' id='word_1_130' title='bbox 1107 2135 1247 2200; x_wconf 77' lang='lat' dir='ltr'>contusio</span> <span class='ocrx_word' id='word_1_131' title='bbox 1274 2138 1418 2201; x_wconf 85' lang='lat' dir='ltr'>maxima</span> 
     </span>
     <span class='ocr_line' id='line_1_17' title="bbox 294 2238 1419 2322; baseline 0.002 -18"><span class='ocrx_word' id='word_1_132' title='bbox 294 2239 444 2306; x_wconf 73' lang='lat' dir='ltr'>cernitur.</span> <span class='ocrx_word' id='word_1_133' title='bbox 471 2238 526 2305; x_wconf 92' lang='lat' dir='ltr'>ubi</span> <span class='ocrx_word' id='word_1_134' title='bbox 558 2240 659 2320; x_wconf 88' lang='lat' dir='ltr'>eapite</span> <span class='ocrx_word' id='word_1_135' title='bbox 686 2239 737 2306; x_wconf 82' lang='lat'>35.</span> <span class='ocrx_word' id='word_1_136' title='bbox 761 2239 813 2306; x_wconf 82' lang='lat'>36.</span> <span class='ocrx_word' id='word_1_137' title='bbox 842 2239 883 2304; x_wconf 81' lang='grc'>37</span> <span class='ocrx_word' id='word_1_138' title='bbox 919 2258 989 2305; x_wconf 87' lang='lat' dir='ltr'>oum</span> <span class='ocrx_word' id='word_1_139' title='bbox 1023 2239 1178 2322; x_wconf 82' lang='lat' dir='ltr'>epilogum</span> <span class='ocrx_word' id='word_1_140' title='bbox 1204 2239 1328 2305; x_wconf 82' lang='lat' dir='ltr'>efficere</span> <span class='ocrx_word' id='word_1_141' title='bbox 1354 2258 1419 2322; x_wconf 87' lang='lat' dir='ltr'>ap-</span> 
     </span>
    </p>
   </div>
   <div class='ocr_carea' id='block_1_6' title="bbox 294 2335 1469 2427">
    <p class='ocr_par' dir='ltr' id='par_1_6' title="bbox 294 2335 1469 2427">
     <span class='ocr_line' id='line_1_18' title="bbox 294 2335 1469 2427; baseline -0.002 -19"><span class='ocrx_word' id='word_1_142' title='bbox 294 2345 409 2425; x_wconf 88' lang='lat' dir='ltr'>pareat,</span> <span class='ocrx_word' id='word_1_143' title='bbox 432 2340 464 2406; x_wconf 93' lang='lat' dir='ltr'>id</span> <span class='ocrx_word' id='word_1_144' title='bbox 487 2345 566 2419; x_wconf 92' lang='lat' dir='ltr'>quod</span> <span class='ocrx_word' id='word_1_145' title='bbox 589 2342 809 2426; x_wconf 81' lang='lat' dir='ltr'>Franoogallus</span> <span class='ocrx_word' id='word_1_146' title='bbox 831 2342 958 2425; x_wconf 88' lang='lat' dir='ltr'>quidem</span> <span class='ocrx_word' id='word_1_147' title='bbox 981 2341 1035 2427; x_wconf 86' lang='lat' dir='ltr'>(of.</span> <span class='ocrx_word' id='word_1_148' title='bbox 1063 2342 1307 2408; x_wconf 85' lang='lat' dir='ltr'>Soboenemanni</span> <span class='ocrx_word' id='word_1_149' title='bbox 1333 2341 1416 2410; x_wconf 91' lang='lat' dir='ltr'>bibl.</span> <span class='ocrx_word' id='word_1_150' title='bbox 1468 2335 1469 2342; x_wconf 73' lang='grc'>’</span> 
     </span>
    </p>
   </div>
   <div class='ocr_carea' id='block_1_7' title="bbox 226 2445 1419 4182">
    <p class='ocr_par' dir='ltr' id='par_1_7' title="bbox 226 2445 1419 3873">
     <span class='ocr_line' id='line_1_19' title="bbox 292 2445 1418 2530; baseline 0.003 -21"><span class='ocrx_word' id='word_1_151' title='bbox 292 2448 372 2530; x_wconf 88' lang='lat' dir='ltr'>patr.</span> <span class='ocrx_word' id='word_1_152' title='bbox 405 2445 461 2510; x_wconf 90' lang='lat' dir='ltr'>lat.</span> <span class='ocrx_word' id='word_1_153' title='bbox 491 2445 629 2530; x_wconf 82' lang='lat'>1156),</span> <span class='ocrx_word' id='word_1_154' title='bbox 662 2464 754 2528; x_wconf 90' lang='lat' dir='ltr'>quem</span> <span class='ocrx_word' id='word_1_155' title='bbox 788 2445 923 2512; x_wconf 88' lang='lat' dir='ltr'>Orellius</span> <span class='ocrx_word' id='word_1_156' title='bbox 954 2445 1115 2527; x_wconf 82' lang='lat' dir='ltr'>sequitur,</span> <span class='ocrx_word' id='word_1_157' title='bbox 1148 2449 1231 2510; x_wconf 91' lang='lat' dir='ltr'>reete</span> <span class='ocrx_word' id='word_1_158' title='bbox 1256 2446 1418 2512; x_wconf 85' lang='lat' dir='ltr'>intellexit</span> 
     </span>
     <span class='ocr_line' id='line_1_20' title="bbox 294 2548 1419 2615; baseline -0.001 -1"><span class='ocrx_word' id='word_1_159' title='bbox 294 2549 499 2615; x_wconf 87' lang='lat' dir='ltr'>-abutitur</span> <span class='ocrx_word' id='word_1_160' title='bbox 527 2550 633 2613; x_wconf 90' lang='lat' dir='ltr'>autem</span> <span class='ocrx_word' id='word_1_161' title='bbox 660 2548 744 2614; x_wconf 86' lang='lat' dir='ltr'>iusta</span> <span class='ocrx_word' id='word_1_162' title='bbox 772 2548 986 2613; x_wconf 90' lang='lat' dir='ltr'>obseruatione</span> <span class='ocrx_word' id='word_1_163' title='bbox 1012 2548 1059 2613; x_wconf 92' lang='lat' dir='ltr'>ita</span> <span class='ocrx_word' id='word_1_164' title='bbox 1086 2552 1122 2612; x_wconf 92' lang='lat' dir='ltr'>ut</span> <span class='ocrx_word' id='word_1_165' title='bbox 1144 2567 1180 2614; x_wconf 88' lang='lat' dir='ltr'>ea</span> <span class='ocrx_word' id='word_1_166' title='bbox 1201 2551 1233 2615; x_wconf 92' lang='lat' dir='ltr'>in</span> <span class='ocrx_word' id='word_1_167' title='bbox 1253 2549 1314 2614; x_wconf 92' lang='lat' dir='ltr'>fine</span> <span class='ocrx_word' id='word_1_168' title='bbox 1337 2548 1419 2614; x_wconf 91' lang='lat' dir='ltr'>libri</span> 
     </span>
     <span class='ocr_line' id='line_1_21' title="bbox 226 2649 1417 2737; baseline -0.002 -19"><span class='ocrx_word' id='word_1_169' title='bbox 226 2649 228 2654; x_wconf 77' lang='grc'><strong>’</strong></span> <span class='ocrx_word' id='word_1_170' title='bbox 293 2655 390 2736; x_wconf 89' lang='lat' dir='ltr'>ponat</span> <span class='ocrx_word' id='word_1_171' title='bbox 418 2689 458 2700; x_wconf 91' lang='lat'><em>-</em></span> <span class='ocrx_word' id='word_1_172' title='bbox 486 2653 633 2714; x_wconf 91' lang='lat' dir='ltr'>seonntur</span> <span class='ocrx_word' id='word_1_173' title='bbox 666 2671 735 2716; x_wconf 90' lang='lat' dir='ltr'>eeee</span> <span class='ocrx_word' id='word_1_174' title='bbox 766 2670 864 2718; x_wconf 87' lang='lat' dir='ltr'>nouae</span> <span class='ocrx_word' id='word_1_175' title='bbox 897 2651 1183 2737; x_wconf 85' lang='lat' dir='ltr'>argumentationes</span> <span class='ocrx_word' id='word_1_176' title='bbox 1214 2653 1267 2717; x_wconf 90' lang='lat' dir='ltr'>uel</span> <span class='ocrx_word' id='word_1_177' title='bbox 1307 2654 1417 2734; x_wconf 90' lang='lat' dir='ltr'>potius</span> 
     </span>
     <span class='ocr_line' id='line_1_22' title="bbox 298 2755 1419 2838; baseline 0.001 -19"><span class='ocrx_word' id='word_1_178' title='bbox 298 2773 450 2820; x_wconf 86' lang='lat' dir='ltr'>nouarum</span> <span class='ocrx_word' id='word_1_179' title='bbox 465 2756 770 2836; x_wconf 85' lang='lat' dir='ltr'>argumentationum</span> <span class='ocrx_word' id='word_1_180' title='bbox 790 2756 893 2820; x_wconf 84' lang='lat' dir='ltr'>leoena</span> <span class='ocrx_word' id='word_1_181' title='bbox 913 2755 1099 2838; x_wconf 87' lang='lat' dir='ltr'>fragmenta,</span> <span class='ocrx_word' id='word_1_182' title='bbox 1121 2757 1156 2820; x_wconf 92' lang='lat' dir='ltr'>iu</span> <span class='ocrx_word' id='word_1_183' title='bbox 1178 2757 1288 2838; x_wconf 90' lang='lat' dir='ltr'>quibus</span> <span class='ocrx_word' id='word_1_184' title='bbox 1303 2755 1419 2820; x_wconf 90' lang='lat' dir='ltr'>eadem</span> 
     </span>
     <span class='ocr_line' id='line_1_23' title="bbox 298 2857 1419 2941; baseline 0 -17"><span class='ocrx_word' id='word_1_185' title='bbox 298 2859 495 2939; x_wconf 90' lang='lat' dir='ltr'>aliquantum</span> <span class='ocrx_word' id='word_1_186' title='bbox 520 2860 677 2923; x_wconf 91' lang='lat' dir='ltr'>inmutata</span> <span class='ocrx_word' id='word_1_187' title='bbox 705 2857 754 2923; x_wconf 90' lang='lat' dir='ltr'>bis</span> <span class='ocrx_word' id='word_1_188' title='bbox 782 2861 870 2922; x_wconf 91' lang='lat' dir='ltr'>toruo</span> <span class='ocrx_word' id='word_1_189' title='bbox 896 2861 1090 2940; x_wconf 86' lang='lat' dir='ltr'>repetuntur.</span> <span class='ocrx_word' id='word_1_190' title='bbox 1119 2877 1195 2941; x_wconf 90' lang='lat' dir='ltr'>quas</span> <span class='ocrx_word' id='word_1_191' title='bbox 1223 2858 1332 2924; x_wconf 84' lang='lat' dir='ltr'>turbas</span> <span class='ocrx_word' id='word_1_192' title='bbox 1359 2862 1419 2941; x_wconf 91' lang='lat' dir='ltr'>qui</span> 
     </span>
     <span class='ocr_line' id='line_1_24' title="bbox 297 2959 1417 3043; baseline 0.001 -18"><span class='ocrx_word' id='word_1_193' title='bbox 297 2962 484 3043; x_wconf 79' lang='lat' dir='ltr'>expalluisse</span> <span class='ocrx_word' id='word_1_194' title='bbox 512 2959 573 3024; x_wconf 89' lang='lat' dir='ltr'>sibi</span> <span class='ocrx_word' id='word_1_195' title='bbox 600 2959 787 3026; x_wconf 88' lang='lat' dir='ltr'>uidebantur</span> <span class='ocrx_word' id='word_1_196' title='bbox 812 2959 916 3025; x_wconf 90' lang='lat' dir='ltr'>uerbis</span> <span class='ocrx_word' id='word_1_197' title='bbox 944 2961 1048 3039; x_wconf 75' lang='lat' dir='ltr'><strong>277,ss</strong></span> <span class='ocrx_word' id='word_1_198' title='bbox 1071 2999 1113 3008; x_wconf 97' lang='lat'><strong>—</strong></span> <span class='ocrx_word' id='word_1_199' title='bbox 1134 2961 1207 3041; x_wconf 80' lang='lat'><strong>278,</strong></span> <span class='ocrx_word' id='word_1_200' title='bbox 1222 2963 1262 3027; x_wconf 83' lang='lat'>13</span> <span class='ocrx_word' id='word_1_201' title='bbox 1291 2963 1417 3027; x_wconf 85' lang='lat' dir='ltr'>omissis</span> 
     </span>
     <span class='ocr_line' id='line_1_25' title="bbox 297 3062 1419 3149; baseline 0.002 -21"><span class='ocrx_word' id='word_1_202' title='bbox 297 3067 352 3128; x_wconf 88' lang='lat' dir='ltr'>aut</span> <span class='ocrx_word' id='word_1_203' title='bbox 373 3066 445 3145; x_wconf 88' lang='lat' dir='ltr'>post</span> <span class='ocrx_word' id='word_1_204' title='bbox 466 3062 582 3127; x_wconf 91' lang='lat' dir='ltr'>librum</span> <span class='ocrx_word' id='word_1_205' title='bbox 604 3065 769 3145; x_wconf 84' lang='lat' dir='ltr'>separatim</span> <span class='ocrx_word' id='word_1_206' title='bbox 792 3063 971 3141; x_wconf 87' lang='lat' dir='ltr'>eonlooatis,</span> <span class='ocrx_word' id='word_1_207' title='bbox 993 3084 1032 3130; x_wconf 93' lang='lat' dir='ltr'>ne</span> <span class='ocrx_word' id='word_1_208' title='bbox 1053 3065 1124 3130; x_wconf 92' lang='lat' dir='ltr'>illos</span> <span class='ocrx_word' id='word_1_209' title='bbox 1147 3065 1228 3131; x_wconf 88' lang='lat' dir='ltr'>nihil</span> <span class='ocrx_word' id='word_1_210' title='bbox 1249 3065 1419 3149; x_wconf 83' lang='lat' dir='ltr'>profecisse</span> 
     </span>
     <span class='ocr_line' id='line_1_26' title="bbox 297 3167 1419 3252; baseline 0.002 -22"><span class='ocrx_word' id='word_1_211' title='bbox 297 3167 498 3232; x_wconf 87' lang='lat' dir='ltr'>manifestum</span> <span class='ocrx_word' id='word_1_212' title='bbox 526 3172 582 3231; x_wconf 89' lang='lat' dir='ltr'>est.</span> <span class='ocrx_word' id='word_1_213' title='bbox 612 3185 668 3232; x_wconf 89' lang='lat' dir='ltr'>neo</span> <span class='ocrx_word' id='word_1_214' title='bbox 695 3167 835 3233; x_wconf 85' lang='lat' dir='ltr'>inuenies</span> <span class='ocrx_word' id='word_1_215' title='bbox 863 3168 959 3233; x_wconf 89' lang='lat' dir='ltr'>aliam</span> <span class='ocrx_word' id='word_1_216' title='bbox 990 3167 1219 3252; x_wconf 85' lang='lat' dir='ltr'>interpretandi</span> <span class='ocrx_word' id='word_1_217' title='bbox 1251 3169 1419 3246; x_wconf 90' lang='lat' dir='ltr'>rationem,</span> 
     </span>
     <span class='ocr_line' id='line_1_27' title="bbox 295 3269 1419 3353; baseline 0.002 -19"><span class='ocrx_word' id='word_1_218' title='bbox 295 3289 376 3353; x_wconf 88' lang='lat' dir='ltr'>quae</span> <span class='ocrx_word' id='word_1_219' title='bbox 401 3269 473 3334; x_wconf 89' lang='lat' dir='ltr'>huie</span> <span class='ocrx_word' id='word_1_220' title='bbox 494 3287 599 3334; x_wconf 88' lang='lat' dir='ltr'>rerum</span> <span class='ocrx_word' id='word_1_221' title='bbox 621 3271 792 3335; x_wconf 86' lang='lat' dir='ltr'>eondieioni</span> <span class='ocrx_word' id='word_1_222' title='bbox 812 3270 993 3348; x_wconf 77' lang='lat' dir='ltr'>satisfaciat,</span> <span class='ocrx_word' id='word_1_223' title='bbox 1016 3272 1194 3351; x_wconf 86' lang='lat' dir='ltr'>nisibeno,</span> <span class='ocrx_word' id='word_1_224' title='bbox 1224 3270 1339 3337; x_wconf 88' lang='lat' dir='ltr'>habere</span> <span class='ocrx_word' id='word_1_225' title='bbox 1360 3290 1419 3336; x_wconf 91' lang='grc' dir='ltr'>ιιι</span> 
     </span>
     <span class='ocr_line' id='line_1_28' title="bbox 297 3373 1417 3458; baseline -0.004 -17"><span class='ocrx_word' id='word_1_226' title='bbox 297 3379 351 3442; x_wconf 82' lang='grc' dir='ltr'>ιιι</span> <span class='ocrx_word' id='word_1_227' title='bbox 373 3374 548 3440; x_wconf 84' lang='lat' dir='ltr'>aduersaria</span> <span class='ocrx_word' id='word_1_228' title='bbox 569 3373 702 3438; x_wconf 87' lang='lat' dir='ltr'>Aruobii</span> <span class='ocrx_word' id='word_1_229' title='bbox 722 3375 805 3440; x_wconf 91' lang='lat' dir='ltr'>male</span> <span class='ocrx_word' id='word_1_230' title='bbox 827 3374 992 3458; x_wconf 79' lang='lat' dir='ltr'>conposita.</span> <span class='ocrx_word' id='word_1_231' title='bbox 1021 3373 1132 3457; x_wconf 87' lang='lat' dir='ltr'>quibus</span> <span class='ocrx_word' id='word_1_232' title='bbox 1160 3375 1291 3438; x_wconf 89' lang='lat' dir='ltr'>materia</span> <span class='ocrx_word' id='word_1_233' title='bbox 1314 3374 1417 3438; x_wconf 90' lang='lat' dir='ltr'>eonti-</span> 
     </span>
     <span class='ocr_line' id='line_1_29' title="bbox 231 3468 1418 3562; baseline -0.004 -17"><span class='ocrx_word' id='word_1_234' title='bbox 231 3468 237 3479; x_wconf 74' lang='grc'><strong>’</strong></span> <span class='ocrx_word' id='word_1_235' title='bbox 301 3483 400 3561; x_wconf 89' lang='lat' dir='ltr'>uetur,</span> <span class='ocrx_word' id='word_1_236' title='bbox 416 3479 499 3544; x_wconf 90' lang='lat' dir='ltr'>undo</span> <span class='ocrx_word' id='word_1_237' title='bbox 512 3481 601 3545; x_wconf 89' lang='lat' dir='ltr'>nouis</span> <span class='ocrx_word' id='word_1_238' title='bbox 617 3479 764 3562; x_wconf 88' lang='lat' dir='ltr'>exemplis</span> <span class='ocrx_word' id='word_1_239' title='bbox 779 3497 877 3544; x_wconf 88' lang='lat' dir='ltr'>uanae</span> <span class='ocrx_word' id='word_1_240' title='bbox 892 3477 1055 3542; x_wconf 88' lang='lat' dir='ltr'>nationum</span> <span class='ocrx_word' id='word_1_241' title='bbox 1069 3468 1296 3560; x_wconf 81' lang='lat' dir='ltr'>superstitionis</span> <span class='ocrx_word' id='word_1_242' title='bbox 1312 3476 1418 3540; x_wconf 90' lang='lat' dir='ltr'>deola·</span> 
     </span>
     <span class='ocr_line' id='line_1_30' title="bbox 299 3582 1416 3666; baseline -0.004 -17"><span class='ocrx_word' id='word_1_243' title='bbox 299 3585 451 3650; x_wconf 89' lang='lat' dir='ltr'>mationes</span> <span class='ocrx_word' id='word_1_244' title='bbox 473 3601 544 3650; x_wconf 88' lang='lat' dir='ltr'>suas</span> <span class='ocrx_word' id='word_1_245' title='bbox 566 3583 698 3666; x_wconf 84' lang='lat' dir='ltr'>scriptor</span> <span class='ocrx_word' id='word_1_246' title='bbox 718 3586 865 3648; x_wconf 86' lang='lat' dir='ltr'>auoturus</span> <span class='ocrx_word' id='word_1_247' title='bbox 888 3586 964 3646; x_wconf 88' lang='lat' dir='ltr'>eret.</span> <span class='ocrx_word' id='word_1_248' title='bbox 987 3582 1040 3647; x_wconf 87' lang='lat' dir='ltr'>sed</span> <span class='ocrx_word' id='word_1_249' title='bbox 1057 3599 1128 3645; x_wconf 89' lang='lat' dir='ltr'>eum</span> <span class='ocrx_word' id='word_1_250' title='bbox 1144 3584 1265 3663; x_wconf 88' lang='lat' dir='ltr'>tempus</span> <span class='ocrx_word' id='word_1_251' title='bbox 1280 3583 1416 3662; x_wconf 87' lang='lat' dir='ltr'>urgeret,</span> 
     </span>
     <span class='ocr_line' id='line_1_31' title="bbox 300 3683 1418 3766; baseline -0.005 -14"><span class='ocrx_word' id='word_1_252' title='bbox 300 3707 336 3754; x_wconf 86' lang='lat' dir='ltr'>ee</span> <span class='ocrx_word' id='word_1_253' title='bbox 356 3689 389 3752; x_wconf 91' lang='lat' dir='ltr'>in</span> <span class='ocrx_word' id='word_1_254' title='bbox 410 3687 481 3766; x_wconf 86' lang='lat' dir='ltr'>fine,</span> <span class='ocrx_word' id='word_1_255' title='bbox 503 3688 540 3751; x_wconf 93' lang='grc' dir='ltr'>ιι</span> <span class='ocrx_word' id='word_1_256' title='bbox 562 3691 650 3752; x_wconf 90' lang='lat' dir='ltr'>erant</span> <span class='ocrx_word' id='word_1_257' title='bbox 671 3686 705 3751; x_wconf 93' lang='lat' dir='ltr'>in</span> <span class='ocrx_word' id='word_1_258' title='bbox 727 3686 854 3758; x_wconf 81' lang='lat' dir='ltr'>schedis,</span> <span class='ocrx_word' id='word_1_259' title='bbox 878 3687 994 3750; x_wconf 88' lang='lat' dir='ltr'>adnexa</span> <span class='ocrx_word' id='word_1_260' title='bbox 1016 3687 1099 3750; x_wconf 89' lang='lat' dir='ltr'>sunt.</span> <span class='ocrx_word' id='word_1_261' title='bbox 1122 3701 1179 3748; x_wconf 87' lang='lat' dir='ltr'>nee</span> <span class='ocrx_word' id='word_1_262' title='bbox 1194 3685 1300 3766; x_wconf 88' lang='lat' dir='ltr'>postea</span> <span class='ocrx_word' id='word_1_263' title='bbox 1315 3683 1418 3748; x_wconf 84' lang='lat' dir='ltr'>Arno-</span> 
     </span>
     <span class='ocr_line' id='line_1_32' title="bbox 300 3789 764 3873; baseline -0.006 -17"><span class='ocrx_word' id='word_1_264' title='bbox 300 3791 368 3856; x_wconf 90' lang='lat' dir='ltr'>bins</span> <span class='ocrx_word' id='word_1_265' title='bbox 391 3790 430 3856; x_wconf 90' lang='lat' dir='ltr'>ad</span> <span class='ocrx_word' id='word_1_266' title='bbox 451 3791 642 3873; x_wconf 88' lang='lat' dir='ltr'>propositum</span> <span class='ocrx_word' id='word_1_267' title='bbox 663 3789 764 3854; x_wconf 90' lang='lat' dir='ltr'>rediit.</span> 
     </span>
    </p>

    <p class='ocr_par' dir='ltr' id='par_1_8' title="bbox 300 3890 1419 4182">
     <span class='ocr_line' id='line_1_33' title="bbox 401 3890 1417 3976; baseline -0.003 -19"><span class='ocrx_word' id='word_1_268' title='bbox 401 3893 448 3958; x_wconf 90' lang='lat' dir='ltr'>De</span> <span class='ocrx_word' id='word_1_269' title='bbox 470 3892 650 3958; x_wconf 80' lang='lat' dir='ltr'>auctoribus</span> <span class='ocrx_word' id='word_1_270' title='bbox 678 3912 752 3975; x_wconf 85' lang='lat' dir='ltr'>quos</span> <span class='ocrx_word' id='word_1_271' title='bbox 780 3893 910 3976; x_wconf 88' lang='lat' dir='ltr'>aoriptor</span> <span class='ocrx_word' id='word_1_272' title='bbox 931 3892 964 3957; x_wconf 93' lang='lat' dir='ltr'>in</span> <span class='ocrx_word' id='word_1_273' title='bbox 988 3892 1167 3958; x_wconf 86' lang='lat' dir='ltr'>enarrandis</span> <span class='ocrx_word' id='word_1_274' title='bbox 1191 3894 1222 3956; x_wconf 93' lang='lat' dir='ltr'>et</span> <span class='ocrx_word' id='word_1_275' title='bbox 1244 3890 1417 3956; x_wconf 88' lang='lat' dir='ltr'>inridendis</span> 
     </span>
     <span class='ocr_line' id='line_1_34' title="bbox 300 3996 1419 4080; baseline 0 -20"><span class='ocrx_word' id='word_1_276' title='bbox 300 3996 467 4078; x_wconf 88' lang='lat' dir='ltr'>gentilium</span> <span class='ocrx_word' id='word_1_277' title='bbox 496 4001 590 4061; x_wconf 87' lang='lat' dir='ltr'>saeris</span> <span class='ocrx_word' id='word_1_278' title='bbox 617 3998 741 4061; x_wconf 89' lang='lat' dir='ltr'>seoutus</span> <span class='ocrx_word' id='word_1_279' title='bbox 770 3999 828 4076; x_wconf 88' lang='lat' dir='ltr'>sit,</span> <span class='ocrx_word' id='word_1_280' title='bbox 851 4015 1011 4080; x_wconf 84' lang='lat' dir='ltr'>quaerere,</span> <span class='ocrx_word' id='word_1_281' title='bbox 1045 4017 1116 4062; x_wconf 89' lang='lat' dir='ltr'>oum</span> <span class='ocrx_word' id='word_1_282' title='bbox 1143 3996 1280 4060; x_wconf 90' lang='lat' dir='ltr'>alienum</span> <span class='ocrx_word' id='word_1_283' title='bbox 1307 3996 1348 4061; x_wconf 89' lang='lat' dir='ltr'>sit</span> <span class='ocrx_word' id='word_1_284' title='bbox 1379 3996 1419 4060; x_wconf 88' lang='lat' dir='ltr'>ab</span> 
     </span>
     <span class='ocr_line' id='line_1_35' title="bbox 302 4097 1419 4182; baseline -0.003 -18"><span class='ocrx_word' id='word_1_285' title='bbox 302 4099 393 4164; x_wconf 90' lang='lat' dir='ltr'>huius</span> <span class='ocrx_word' id='word_1_286' title='bbox 415 4099 556 4164; x_wconf 90' lang='lat' dir='ltr'>editionis</span> <span class='ocrx_word' id='word_1_287' title='bbox 577 4101 730 4179; x_wconf 84' lang='lat' dir='ltr'>instituto,</span> <span class='ocrx_word' id='word_1_288' title='bbox 754 4103 787 4165; x_wconf 93' lang='lat' dir='ltr'>in</span> <span class='ocrx_word' id='word_1_289' title='bbox 802 4101 884 4165; x_wconf 89' lang='lat' dir='ltr'>aliud</span> <span class='ocrx_word' id='word_1_290' title='bbox 900 4103 1024 4182; x_wconf 82' lang='lat' dir='ltr'>tempus</span> <span class='ocrx_word' id='word_1_291' title='bbox 1041 4097 1149 4164; x_wconf 89' lang='lat' dir='ltr'>distuli</span> <span class='ocrx_word' id='word_1_292' title='bbox 1157 4097 1169 4164; x_wconf 86' lang='lat'>:¹</span> <span class='ocrx_word' id='word_1_293' title='bbox 1186 4099 1314 4164; x_wconf 90' lang='lat' dir='ltr'>iuterim</span> <span class='ocrx_word' id='word_1_294' title='bbox 1334 4100 1419 4162; x_wconf 91' lang='lat' dir='ltr'>loeos</span> 
     </span>
    </p>
   </div>
   <div class='ocr_carea' id='block_1_8' title="bbox 301 4197 1419 4600">
    <p class='ocr_par' dir='ltr' id='par_1_9' title="bbox 301 4197 1419 4387">
     <span class='ocr_line' id='line_1_36' title="bbox 303 4197 1419 4284; baseline -0.001 -18"><span class='ocrx_word' id='word_1_295' title='bbox 303 4201 470 4267; x_wconf 75' lang='lat' dir='ltr'>Clementis</span> <span class='ocrx_word' id='word_1_296' title='bbox 498 4203 698 4270; x_wconf 85' lang='lat' dir='ltr'>Alexandrini</span> <span class='ocrx_word' id='word_1_297' title='bbox 719 4205 904 4271; x_wconf 85' lang='lat' dir='ltr'>Arnobianis</span> <span class='ocrx_word' id='word_1_298' title='bbox 933 4203 1109 4268; x_wconf 84' lang='lat' dir='ltr'>simillimos</span> <span class='ocrx_word' id='word_1_299' title='bbox 1136 4203 1169 4268; x_wconf 92' lang='lat' dir='ltr'>in</span> <span class='ocrx_word' id='word_1_300' title='bbox 1197 4197 1278 4268; x_wconf 89' lang='lat' dir='ltr'>libro</span> <span class='ocrx_word' id='word_1_301' title='bbox 1307 4205 1419 4284; x_wconf 90' lang='lat' dir='ltr'>quarto</span> 
     </span>
     <span class='ocr_line' id='line_1_37' title="bbox 301 4306 686 4387; baseline 0.008 -18"><span class='ocrx_word' id='word_1_302' title='bbox 301 4306 412 4387; x_wconf 88' lang='lat' dir='ltr'>quinto</span> <span class='ocrx_word' id='word_1_303' title='bbox 434 4310 519 4372; x_wconf 92' lang='lat' dir='ltr'>sexto</span> <span class='ocrx_word' id='word_1_304' title='bbox 541 4307 686 4374; x_wconf 87' lang='lat' dir='ltr'>indioaui.</span> 
     </span>
    </p>

    <p class='ocr_par' dir='ltr' id='par_1_10' title="bbox 304 4407 1419 4600">
     <span class='ocr_line' id='line_1_38' title="bbox 362 4407 1418 4492; baseline -0.002 -18"><span class='ocrx_word' id='word_1_305' title='bbox 362 4431 366 4438; x_wconf 89' lang='lat'><em>·</em></span> <span class='ocrx_word' id='word_1_306' title='bbox 406 4409 551 4492; x_wconf 78' lang='lat' dir='ltr'>Capitum</span> <span class='ocrx_word' id='word_1_307' title='bbox 572 4411 804 4477; x_wconf 79' lang='lat' dir='ltr'>distinctionem</span> <span class='ocrx_word' id='word_1_308' title='bbox 818 4409 1095 4476; x_wconf 89' lang='lat' dir='ltr'>Oberthuerianam</span> <span class='ocrx_word' id='word_1_309' title='bbox 1115 4409 1240 4484; x_wconf 89' lang='lat' dir='ltr'>retinui,</span> <span class='ocrx_word' id='word_1_310' title='bbox 1262 4407 1323 4471; x_wconf 88' lang='lat' dir='ltr'>nisi</span> <span class='ocrx_word' id='word_1_311' title='bbox 1338 4411 1418 4490; x_wconf 91' lang='lat' dir='ltr'>quod</span> 
     </span>
     <span class='ocr_line' id='line_1_39' title="bbox 304 4511 1419 4600; baseline -0.002 -23"><span class='ocrx_word' id='word_1_312' title='bbox 304 4529 446 4600; x_wconf 88' lang='lat' dir='ltr'>numeros</span> <span class='ocrx_word' id='word_1_313' title='bbox 467 4513 502 4579; x_wconf 92' lang='lat' dir='ltr'>in</span> <span class='ocrx_word' id='word_1_314' title='bbox 523 4516 694 4599; x_wconf 83' lang='lat' dir='ltr'>marginem</span> <span class='ocrx_word' id='word_1_315' title='bbox 716 4515 817 4580; x_wconf 74' lang='lat' dir='ltr'>reieoi,</span> <span class='ocrx_word' id='word_1_316' title='bbox 846 4512 964 4577; x_wconf 89' lang='lat' dir='ltr'>ibidem</span> <span class='ocrx_word' id='word_1_317' title='bbox 986 4513 1107 4598; x_wconf 89' lang='lat' dir='ltr'>signaui</span> <span class='ocrx_word' id='word_1_318' title='bbox 1136 4512 1248 4578; x_wconf 88' lang='lat' dir='ltr'>eodiois</span> <span class='ocrx_word' id='word_1_319' title='bbox 1271 4511 1360 4587; x_wconf 85' lang='lat' dir='ltr'>folia,</span> <span class='ocrx_word' id='word_1_320' title='bbox 1383 4515 1419 4575; x_wconf 91' lang='lat' dir='ltr'>ut</span> 
     </span>
    </p>
   </div>
   <div class='ocr_carea' id='block_1_9' title="bbox 0 0 1490 5006">
    <p class='ocr_par' dir='ltr' id='par_1_11' title="bbox 0 0 1490 5006">
     <span class='ocr_line' id='line_1_40' title="bbox 0 0 1490 5006; baseline 0 0"><span class='ocrx_word' id='word_1_321' title='bbox 0 0 1490 5006; x_wconf 95' lang='lat' dir='ltr'> </span> 
     </span>
    </p>
   </div>
  </div>
 </body>
</html>
