2916 5010
601 480 699 534 Liber
721 480 776 534 111.-
1178 481 1239 546 123

130 652 261 716 ueritate
290 651 429 718 oensetis.
466 655 492 716 si
521 651 644 716 aselluli
678 667 767 717 osnes
802 651 885 734 porei
909 651 1087 734 ,humanum
1122 650 1239 733 aliquid

130 756 272 838 saperent
292 754 653 838 fingendique‘haberant
675 755 754 820 artes
776 754 917 836 idemque
938 771 991 831 noe¹
1012 755 1128 819 uellent
1151 755 1237 818 uultu

130 859 233 941 aliquo
254 857 396 940 prosequi
417 859 448 922 et
470 858 643 922 statuarum
666 857 944 924 consecrationibus
965 857 1119 935 honorare,
1142 875 1237 938 quan-

128 962 178 1026 tas
200 961 288 1026 nobis
312 962 427 1025 irarum
454 959 609 1036 flammas,
639 960 889 1043 indignationum
912 977 986 1042 quos
1007 960 1145 1024 turbines
1168 979 1238 1025 eon·

107 1063 275 1143 soitarent,
308 1064 335 1128 si
362 1081 485 1129 suorum
513 1081 675 1146 corporum
703 1063 818 1128 formas
846 1063 951 1128 nostra
979 1064 1097 1128 uellent
1118 1065 1238 1146 portare

128 1167 221 1249 atqua
242 1167 378 1232 obtinere
400 1149 587 1232 simulacra?
619 1169 757 1248 quantas,
789 1167 924 1249 inquam,
953 1165 1070 1232 irarum
1098 1165 1237 1230 dammas
1301 1197 1304 1206 .

128 1269 346 1350 suffirnderent,
370 1271 543 1347 excitarent,
566 1270 593 1334 si
615 1271 700 1336 urbis
723 1271 858 1336 eonditor
872 1271 1021 1336 Romulus
1037 1268 1160 1333 asinina
1175 1269 1238 1332 sta·

127 1375 175 1438 ret
196 1374 228 1436 in
256 1372 348 1450 faeie,
380 1375 406 1438 si
428 1374 552 1438 sanetus
573 1372 746 1456 Pompilius
769 1373 802 1438 in
825 1374 945 1451 eanina,
974 1372 1000 1438 si
1029 1371 1153 1454 porcina
1181 1368 1237 1434 sub

128 1476 227 1558 speeie
254 1493 364 1540 nomen
394 1478 473 1541 esset
495 1475 618 1540 Catonis
648 1477 703 1541 aut
732 1475 829 1542 Maroi
852 1476 1003 1542 Ciceronis
1032 1473 1237 1555 ineenptum?

90 1579 174 1643 suita
196 1597 267 1662 ergo
289 1573 493 1644 stoliditatem
515 1581 650 1644 uestram
671 1599 732 1644 uon
754 1579 855 1659 rideri,
879 1581 906 1644 si
927 1579 1039 1658 rident,
1063 1576 1176 1643 uestris
1199 1575 1236 1640 ab

53 1668 56 1671 ⁵
127 1681 305 1746 numinibus
335 1683 460 1764 remini,
493 1686 546 1748 aut
576 1682 717 1763 quoniam
749 1681 877 1747 censetis
900 1681 989 1748 addai
1012 1681 1143 1763 sasire,
1177 1696 1237 1744 non

126 1784 274 1862 insanire,
304 1803 364 1849 uon
385 1785 485 1848 furere
512 1803 609 1866 neque
638 1803 691 1866 pro
721 1784 844 1850 iniuriis
871 1786 904 1849 et
926 1784 1118 1850 contumeliis
1140 1784 1236 1847 tantis

127 1888 230 1952 ultum
251 1887 304 1951 ire
318 1906 349 1951 se
371 1887 451 1952 uelle
472 1887 660 1968 iaeularique
682 1888 713 1951 in
736 1907 790 1952 uos
817 1907 852 1952 sa
876 1907 952 1969 quae
968 1889 1053 1953 dolor
1068 1890 1174 1954 suetus
1190 1888 1236 1950 est

126 1989 226 2054 iaeere
247 1997 278 2054 et
299 1989 472 2056 offensionis
494 1989 644 2054 acerbitas
672 1990 881 2056 comminisci?
912 1991 1026 2071 quanto
1049 1989 1149 2054 fuerat
1171 2007 1235 2052 ree·

89 2093 190 2156 retius
212 2092 440 2174 elephantorum
463 2093 510 2157 his
525 2093 648 2170 formas,
671 2093 887 2174 pantherarum
910 2095 963 2157 aut
984 2093 1143 2175 tigridum,
1167 2093 1235 2156 tau-

125 2214 229 2260 rorum
257 2213 461 2277 equorumque
489 2197 620 2260 donare?
652 2214 724 2260 uam
754 2195 827 2276 quid
856 2196 887 2259 in
915 2195 1038 2260 homine
1064 2178 1070 2277 l
1094 2195 1319 2284 palummum?

125 2301 188 2375 est,
212 2297 301 2379 quid,
324 2315 447 2379 quaeso,
476 2298 656 2364 admirabile
677 2298 728 2363 uel
750 2297 905 2375 decorum,
933 2297 993 2362 nisi
1015 2299 1095 2380 quod
1118 2298 1148 2361 et
1170 2297 1234 2360 elu-

125 2401 194 2464 rino
217 2419 286 2464 eum
307 2417 412 2481 peoora
435 2401 534 2465 neseio
557 2401 625 2481 quis
647 2403 752 2466 auetor
767 2401 866 2465 uoluit
888 2419 953 2466 osse
975 2404 1160 2466 commune?
1181 2400 1235 2464 sed
1250 2401 1283 2462 ll

126 2504 153 2567 si
175 2503 277 2581 uobis,
301 2503 459 2584 inquiunt,
480 2505 586 2583 nostra
607 2503 741 2587 opinatio
764 2504 920 2585 displioet,
944 2521 998 2568 uos
1020 2504 1234 2579 demonstrate,

87 2624 180 2673 suuos
203 2605 305 2683 dieite,
328 2624 387 2686 qua
409 2605 450 2670 sit
465 2605 539 2710 deuq
552 2605 708 2688 praeditus
723 2605 831 2672 forma.
856 2606 881 2672 si
898 2612 1004 2671 ueram
1019 2606 1115 2671 uultis
1131 2607 1235 2670 audire

126 2709 326 2774 sententiam:
349 2711 403 2774 aut
425 2708 544 2774 nullam
564 2709 658 2774 habet
680 2709 754 2774 deus
777 2709 918 2788 formam,
941 2709 996 2774 aut
1011 2709 1037 2773 si
1053 2709 1234 2775 informatus

126 2815 173 2876 est
200 2812 318 2894 aliqua,
352 2830 387 2876 ea
415 2831 490 2894 quae
518 2812 561 2876 sit
582 2801 715 2894 profesto
738 2814 898 2876 neseimus.
933 2831 1029 2892 neque
1052 2812 1134 2904 enim
1156 2815 1235 2894 quod

125 2913 261 2979 uidimus
284 2935 450 2997 numquam
471 2915 587 2980 nesoire
609 2933 675 2980 esse
697 2914 838 2980 (lusimus
860 2918 949 2997 turpe
972 2917 1027 2980 aut
1049 2934 1084 2980 ea
1110 2933 1143 2979 re
1165 2933 1234 2996 pro-

124 3015 268 3086 hibemur
289 3017 420 3084 alionum
442 3017 609 3082 renuntias
631 3016 777 3095 refutare,
808 3018 881 3100 quia
908 3037 997 3101 super
1020 3018 1076 3084 hoe
1097 3021 1232 3084 nostram
1280 3019 1282 3023 ’

87 3144 115 3184 ns
125 3118 243 3184 nullam
264 3118 324 3200 ipsi
346 3119 528 3184 sententiam
549 3120 728 3200 promimus.
751 3121 786 3184 ut
807 3120 899 3199 enim,
924 3119 950 3184 si
972 3121 1087 3186 uitreas
1108 3139 1172 3186 esse
1188 3119 1233 3184 di-

126 3223 213 3286 eatur
233 3221 374 3301 mundus,
396 3221 423 3286 si
446 3223 616 3304 argenteus,
644 3221 759 3286 ferreus
781 3223 832 3287 uel
853 3241 889 3286 er
910 3220 1016 3305 fragili
1038 3225 1233 3307 conglobatus

126 3325 157 3388 et
185 3323 351 3389 fabricatus
379 3326 474 3402 testa,
508 3343 569 3390 non
598 3325 775 3390 dubitemus
807 3324 920 3390 falsum
950 3345 1014 3392 esse
1045 3327 1231 3402 contendere,

123 3427 266 3507 quamuis
288 3446 364 3508 quae
386 3427 428 3492 sit
451 3427 516 3492 eius
545 3429 675 3492 materia
696 3429 885 3506 nesciamus,
914 3429 959 3494 itu
981 3448 1052 3496 oum
1074 3431 1110 3494 de
1133 3432 1232 3513 speeie

125 3531 236 3619 agatur
257 3531 322 3608 dei,
352 3548 444 3612 quam
473 3530 639 3611 perhibetis
668 3531 876 3596 sonuineimus
905 3550 963 3596 non
992 3551 1073 3612 esse,
1111 3533 1231 3598 etiamsi

226 3685 258 3738 18
275 3684 376 3737 Ennius
394 3685 445 3738 sat.
462 3684 496 3737 45
514 3683 547 3736 V.

158 3804 172 3856 1
191 3803 304 3856 ueritate
321 3805 508 3873 apographum
520 3804 710 3858 emmellinae:
728 3805 840 3858 ueritate
850 3792 866 3857 e
878 3807 905 3859 P
921 3806 1034 3860 ueritate
1044 3823 1099 3862 esse
1113 3807 1164 3862 Sub

124 3889 243 3943 asselluli
261 3890 288 3943 P
304 3893 397 3944 sorra
499 3890 572 3957 porei
589 3890 616 3944 P
716 3889 874 3957 delinquam
892 3892 947 3945 P¹
1020 3893 1054 3948 13
1072 3908 1121 3960 que
1139 3895 1166 3948 P

124 3977 157 4032 14
174 3975 302 4030 aearuitas
321 3977 347 4029 P
363 3991 425 4029 corr
527 3975 559 4030 15
576 3975 769 4028 helefantorunr
780 3976 809 4029 P
908 3976 1049 4045 trigridum
1066 3979 1093 4031 P
1104 3993 1164 4032 sorr

124 4062 155 4115 17
173 4061 284 4129 alarino]
303 4053 421 4114 ueterino
439 4061 493 4114 Sub
584 4063 615 4114 ia
632 4077 673 4131 erp
808 4061 840 4115 19
858 4062 935 4116 nobis
953 4062 1007 4115 Sub
1108 4063 1142 4116 20
1159 4080 1230 4132 prae-

121 4147 209 4202 diatus
222 4145 276 4200 Sub
348 4147 381 4200 22
394 4160 442 4214 que
453 4147 480 4200 P
491 4161 550 4199 eoru
562 4151 584 4200 ο·
657 4147 691 4200 23
702 4147 868 4216 prohibemur
881 4147 946 4202 Gal:
957 4141 1124 4216 prohibemus
1137 4150 1164 4203 P

121 4231 279 4286 asellorum
294 4231 358 4298 Gal:
375 4233 563 4300 aliquorumP
662 4233 694 4286 25
711 4235 804 4301 ipsiP
902 4233 935 4292 26
948 4233 1230 4303 conglobatusMaaer·

121 4320 193 4372 siue:
211 4317 379 4372 eonelobatus
397 4319 424 4372 P
440 4317 594 4372 oondolatus
613 4317 668 4372 Sub
770 4320 803 4372 27
821 4322 890 4374 testa
906 4320 969 4375 aea·
987 4321 1027 4374 est
1044 4323 1114 4376 tosta
1131 4322 1158 4375 P
1175 4337 1231 4376 esse

121 4407 192 4457 testa
210 4403 371 4458 Stewecba'as
1209 4417 1211 4420 ·
