2888 5008
253 475 315 542 268
556 470 700 526 Arnobii
721 471 880 526 aduersus
903 469 1057 526 ustiones
1434 523 1435 552 ἶ

1434 567 1435 624 l

252 644 339 712 nullo
361 645 402 712 sit
423 644 556 735 eorporis
578 643 859 728 oireumsoriptioue
881 642 995 722 linitus,
1017 643 1094 724 apes
1111 641 1229 724 aliquid
1251 659 1294 708 nn
1312 657 1375 710 nou
1434 657 1435 696 1

252 753 340 832 eget,
373 747 521 832 uiglnme
553 747 697 830 perpetuo
728 764 769 814 sn
801 746 965 830 aliqmnuo
997 744 1136 814 sunnon
1166 745 1201 810 in
1233 760 1374 822 mmnos,

252 853 354 916 ourrot
380 849 484 916 sedest
510 849 648 916 ambulet
669 868 708 916 eu
729 849 769 914 sl)
790 847 965 914 huiusmodi
984 847 1123 916 motibus
1145 848 1177 914 et
1199 847 1374 916 oemnfioue

253 953 294 1020 sit
321 952 414 1030 nnn,
447 954 522 1020 hneo
549 951 653 1018 omnio
674 953 710 1016 ut
730 951 794 1018 diri
816 953 1000 1034 nequeuntes
1030 950 1107 1016 seire
1127 969 1226 1032 neque
1249 949 1375 1018 rufium

252 1056 356 1138 alique
381 1055 539 1140 pernidsre
559 1056 593 1120 in
614 1073 665 1120 ese
687 1057 760 1120 sunt
779 1054 970 1138 opinationes
991 1053 1088 1138 lspsi,
1119 1055 1156 1118 ut
1181 1055 1259 1120 (loos
1281 1072 1319 1120 ex
1341 1071 1401 1118 ses

251 1157 400 1244 lingerent
422 1161 454 1224 et
475 1157 574 1242 quelis
604 1157 663 1223 ribi
693 1160 804 1225 usturs
824 1159 872 1224 mt
896 1160 930 1224 et
951 1157 1016 1222 illis
1038 1157 1135 1223 telem
1157 1158 1274 1222 duent
1294 1156 1375 1222 emi-

250 1277 354 1340 onum,
384 1279 529 1329 sensuum
557 1260 813 1343 uoluutotumque
840 1261 993 1328 usturam
1026 1253 1136 1343 quous
1155 1260 1282 1326 enimsl
1308 1278 1374 1326 eer-

250 1367 356 1430 nerent
383 1363 500 1430 nulline
529 1381 594 1430 esse
616 1379 649 1428 so
669 1363 762 1446 pretii
783 1381 838 1428 neo
858 1363 939 1428 inter
967 1362 1164 1428 formiculsm
1192 1363 1374 1446 plurimum

251 1483 375 1547 seseque
396 1483 461 1532 esse
477 1465 672 1543 disoriminis
693 1465 828 1548 presente
848 1465 1026 1532 meent
1040 1465 1186 1532 nriitssri
1203 1465 1374 1547 quiupuum

252 1586 284 1634 se
305 1567 417 1634 meere
439 1586 600 1634 oommuue
621 1586 692 1634 eom
713 1568 832 1652 superis
854 1569 886 1634 ot
905 1567 988 1634 intus
1002 1586 1072 1634 suos
1087 1567 1162 1634 finos
1177 1567 1400 1634 humilimus

251 1687 324 1744 sune
346 1670 527 1736 modestiam
549 1671 748 1737 eontinereut.
777 1689 859 1736 nuno
880 1689 951 1736 nom
973 1669 1048 1752 quis
1068 1673 1200 1742 oemunt
1222 1689 1279 1736 ors
1301 1688 1373 1736 oen-

165 1773 297 1840 s1oslos
325 1773 426 1855 ospils
454 1773 565 1839 boseus
591 1773 595 1857 Ι
621 1773 774 1840 eurioulss
802 1791 892 1840 nosos
914 1775 1091 1856 ueteresque
1112 1791 1144 1838 se
1167 1768 1252 1840 elius
1269 1793 1373 1840 mern·
1434 1783 1435 1868 ἦ

250 1876 374 1942 brorum
394 1893 500 1960 genero
521 1893 557 1940 ee
577 1875 731 1942 ulsoerum
745 1875 907 1958 portiones,
930 1877 962 1942 et
981 1878 1052 1943 duos
1067 1876 1248 1942 existimant
1263 1876 1373 1944 eadem
1434 1875 1435 1940 l

250 1978 368 2044 untione
388 1978 535 2046 lormstos
556 1977 758 2061 hobitumque
778 1978 850 2044 illos
872 1997 963 2044 suum
981 1979 1161 2063 compagine
1174 1979 1209 2044 in
1223 1997 1372 2062 oorporm

250 2081 417 2148 oontinere:
440 2083 472 2146 et
491 2081 565 2164 quio
586 2079 718 2165 guntione
736 2081 820 2146 laeto
834 2100 867 2148 re
881 2082 1074 2163 moestosque
1087 2100 1120 2147 se
1134 2081 1202 2146 lieri
1217 2082 1398 2148 rumori-o

250 2184 307 2250 bus
328 2184 522 2266 oonspieiunt
542 2183 650 2260 nensis,
673 2183 865 2252 arbitrentur
886 2185 917 2250 st
938 2184 1065 2256 numine
1079 2203 1115 2250 or
1130 2185 1223 2250 rebus
1236 2185 1371 2252 hilario·

249 2287 334 2354 ribus
356 2287 488 2372 gaudere
510 2287 541 2352 et
563 2305 599 2352 ex
621 2285 723 2352 miuus
745 2286 837 2352 luetis
859 2286 1033 2355 animorum
1061 2288 1269 2354 conuentione
1297 2307 1369 2353 oon-

249 2390 334 2456 duei:
363 2389 453 2458 sdfioi
476 2407 508 2454 se
529 2388 629 2468 ludis,
651 2391 761 2472 putent
783 2391 814 2458 et
835 2389 981 2456 oselitnun
1003 2391 1120 2456 mentes
1142 2389 1291 2458 ludorum
1311 2390 1366 2456 de·

248 2493 410 2560 leototioue
431 2491 576 2560 mulceri:
598 2493 629 2558 et
650 2493 723 2574 quio
742 2492 808 2558 illis
830 2510 861 2558 se
882 2492 977 2576 uolup
1000 2494 1047 2558 est
1068 2493 1263 2560 luusororsnn
1286 2493 1367 2560 reio-

249 2613 319 2662 nere
341 2594 532 2673 caldoribus,
561 2597 593 2662 et
614 2594 731 2678 superis
753 2595 870 2662 duouut
891 2593 1084 2662 lunationum
1105 2613 1171 2662 esse
1192 2595 1394 2664 munditiem
1433 2647 1434 2696 p

248 2699 365 2784 grntss:
399 2698 627 2764 uindemismus
648 2715 703 2764 nos
730 2697 883 2776 homiues,
907 2698 939 2763 et
961 2697 1032 2764 deos
1053 2699 1160 2764 rentur
1180 2698 1213 2763 et
1233 2697 1367 2766 orerisnt

248 2819 320 2869 sues
341 2802 451 2867 dneors
472 2802 565 2882 atquo
586 2800 705 2885 agitare
727 2799 912 2866 uindemiss:
935 2800 1001 2866 dies
1022 2801 1111 2866 noeis
1124 2800 1267 2868 nutelioii
1285 2801 1366 2878 suut
1433 2849 1434 2888 r

249 2905 281 2968 et
308 2904 460 2986 potentius
493 2903 618 2971 oaelitos
651 2902 716 2968 dies
748 2904 912 2970 autument
944 2903 1055 2970 habere
1086 2904 1217 2970 ustslm.
1253 2903 1365 2986 quomi

248 3007 372 3086 possent
393 3006 568 3072 siseribere
589 3005 795 3086 ualetnliues,
821 3005 1029 3090 aegritudines
1050 3006 1083 3072 ot
1112 3005 1286 3089 mrpornles
1307 3006 1366 3074 lile
1433 3031 1434 3056 ³

248 3108 379 3186 morbos,
400 3125 461 3176 nou
481 3106 658 3176 drubitsront
672 3107 877 3188 eoslienosos
900 3107 1035 3192 lippulos
1047 3109 1392 3190 otqueonteroooliooss

248 3208 357 3287 dicere,
378 3225 413 3276 eo
434 3209 516 3292 qnod
537 3210 599 3294 ipsi
620 3211 652 3276 et
672 3209 782 3277 lienosi
804 3211 835 3276 st
856 3210 934 3294 lippi
955 3213 1027 3278 suut
1041 3229 1129 3294 saepe
1144 3212 1175 3274 et
1189 3211 1365 3295 ingenuan

198 3311 424 3380 esnermerum
444 3312 657 3396 magnitudine
679 3313 849 3396 ponderosi.
883 3331 940 3398 ege
961 3332 1043 3380 nuno
1064 3314 1262 3393 summatim,
1290 3331 1365 3398 quo·

248 3414 333 3482 nium
354 3432 453 3482 sermo
475 3415 612 3498 prolutus
633 3417 733 3482 estet
755 3415 918 3499 perductus
938 3417 970 3482 iu
985 3416 1149 3496 beenlost,
1171 3417 1365 3502 singulsrum

247 3517 384 3601 portium
406 3519 646 3602 oppositionibus
668 3535 886 3600 eompnremus‚
909 3521 1053 3584 utrumne
1074 3536 1129 3584 uos
1144 3517 1259 3584 molius
1273 3519 1365 3586 rebus

248 3623 285 3686 de
306 3621 424 3702 superis
452 3621 596 3687 sentietis
617 3640 656 3686 uu
677 3621 780 3704 potius
808 3639 863 3686 nos
884 3621 985 3688 multo
1006 3623 1039 3686 et
1058 3621 1238 3688 honoratius
1261 3623 1393 3707 opine-o

280 3806 298 3860 3
315 3821 363 3859 eu·
380 3805 408 3859 P
516 3802 633 3858 oessioue
650 3805 706 3859 Set
812 3804 830 3859 4
847 3805 928 3870 libor„
939 3795 1003 3860 huso
1018 3805 1103 3874 oolpo
1206 3805 1222 3858 l
1240 3822 1364 3862 sensuum

245 3891 356 3960 oen'pes':
377 3905 465 3944 rsrnm
481 3889 509 3943 P
618 3889 635 3944 8
652 3889 747 3958 praetii
764 3890 793 3945 P
905 3890 939 3945 18
956 3903 1046 3958 gerere
1063 3890 1132 3945 Sat.-
1156 3905 1253 3960 genero
1271 3892 1301 3948 P

246 3979 281 4033 15
302 3977 374 4032 lueto
391 3992 419 4030 re
436 3977 593 4031 Menestas:
616 3976 711 4030 laeteri
728 3976 756 4030 P
876 3978 1024 4046 mentesque
1041 3977 1069 4031 P
1195 3977 1228 4032 18
1247 3977 1321 4032 offioi
1336 3993 1363 4032 se

247 4061 317 4118 soo=
333 4060 454 4116 ameum
464 4061 493 4116 P
508 4059 670 4116 edteoissee
742 4061 776 4117 19
792 4061 886 4130 uolup-
904 4062 1011 4131 (uolupe
1027 4060 1160 4131 seriptum
1175 4061 1264 4128 {ssime
1279 4079 1362 4132 apps-

245 4150 299 4216 rst)
316 4147 344 4201 P
359 4147 482 4216 uoluptas
494 4151 524 4212 θ’,
543 4147 626 4217 oolpo
721 4146 882 4202 nummum
893 4147 921 4202 P
933 4147 961 4215 (b
975 4148 1007 4202 in
1019 4164 1037 4201 n
1048 4161 1110 4202 eurr
1121 4149 1155 4215 θ’)
1251 4148 1285 4203 21
1304 4149 1361 4206 uin·

245 4232 407 4286 dssmiemus
420 4233 447 4286 P
541 4233 576 4287 23
588 4234 710 4287 autmont
720 4232 748 4286 P
758 4242 846 4286 coreo
941 4233 976 4287 25
987 4231 1172 4286 euteuooelioos
1189 4233 1253 4288 θυῖε
1264 4233 1362 4290 intero-

246 4317 355 4371 eoelieos
367 4317 395 4372 P
408 4317 607 4372 euterooselioos
621 4317 676 4372 sao
778 4316 811 4369 il
829 4317 980 4371 herniosum
994 4317 1065 4373 sao.-
1081 4319 1298 4387 grueuesrumP

245 4403 340 4471 eapite
356 4405 397 4458 35.
415 4404 459 4455 36.
477 4405 513 4458 37
534 4402 650 4458 Orelts'oo
666 4403 698 4455 iss
714 4401 795 4468 finem
812 4403 876 4457 libri
891 4403 984 4458 reiees't
1089 4405 1124 4458 28
1140 4405 1163 4458 e*
1179 4405 1208 4458 P
1308 4406 1361 4460 sin·

247 4487 369 4556 gulorum
390 4486 522 4542 Orelliusr
540 4487 706 4556 singulorum
723 4486 750 4540 P
850 4489 884 4543 29
901 4490 1004 4558 perium
1021 4489 1162 4544 Heroides
