2888 5008
218 487 279 553 192
517 484 657 538 Aruobii
686 483 845 538 aduersus
872 483 1026 537 nationes

217 660 318 724 cestus
346 677 393 724 res
420 675 491 723 suas
514 658 546 723 et
568 657 688 742 prodita
709 671 763 739 per
783 656 945 722 libidinem
974 655 1080 721 fraude
1101 655 1281 721 intellectus
1304 657 1341 719 ct

217 762 359 846 cognitus
386 762 498 827 euolat.
540 761 673 826 ardescit
700 761 789 825 furiis
816 762 910 844 atque
937 759 1202 844 indignationibus
1223 760 1339 835 mater,

217 866 340 946 spumat
370 863 493 928 anhelat
523 864 680 928 exaestuat
712 882 767 928 nec
802 863 963 928 fremitum
985 863 1141 929 continere
1163 863 1340 944 tempesta·

217 973 339 1049 temque
366 967 482 1031 irarum
509 966 615 1032 ualens
648 984 684 1030 er
716 967 859 1031 contirma
891 967 1029 1049 passione
1058 967 1166 1031 Brimo
1190 965 1339 1048 deinceps

217 1076 252 1135 ut
284 1071 456 1154 appelletur
482 1069 672 1152 adsumpsit,
706 1087 803 1152 neque
833 1067 895 1134 alia
924 1069 1006 1134 cordi
1034 1071 1081 1134 est
1109 1087 1156 1134 res
1184 1070 1213 1132 ei
1240 1086 1374 1152 quamt

168 1174 204 1236 21
218 1174 254 1239 ut
276 1171 435 1238 audaciam
458 1171 516 1236 filii
538 1173 642 1255 poeuis
665 1171 776 1254 quibus
792 1172 873 1254 potis
889 1171 937 1237 est
950 1172 1158 1254 persequatur.
1192 1171 1340 1253 Iuppiter

217 1276 331 1359 satagit
353 1262 469 1340 fractu's
492 1277 577 1340 metu
600 1293 656 1339 nec
671 1275 782 1357 quibus
797 1275 941 1340 remediis
956 1275 1053 1339 leniat
1068 1273 1201 1338 uiolatae
1216 1275 1340 1339 animos

217 1379 339 1461 reperit.
376 1378 478 1443 fundit
509 1395 611 1462 preces
641 1379 672 1443 et
695 1377 863 1461 subplicat:
898 1377 1072 1442 obstructae
1101 1378 1173 1441 eunt
1200 1378 1340 1443 dolentis

217 1501 316 1548 aures.
354 1482 516 1566 adlegatur
549 1483 673 1547 deornm
707 1481 868 1546 uniuersus
901 1481 988 1545 ordo:
1022 1481 1138 1546 nullius
1166 1481 1341 1546 auctoritas

217 1588 307 1650 tanta
329 1585 432 1649 estut
454 1583 606 1649 audiatur.
642 1584 682 1649 ad
703 1585 893 1666 postremum
916 1583 998 1648 filius
1022 1584 1089 1648 nias
1112 1583 1340 1649 satisfactionis
1352 1604 1374 1642 ιο

217 1687 375 1770 inquirens
398 1686 644 1779 comminiscitur
665 1687 835 1751 remedium
858 1687 935 1752 tale:
958 1686 1086 1751 arietem
1107 1687 1243 1752 nobilem
1258 1687 1340 1752 bene

217 1790 384 1876 grandibus
412 1811 482 1856 oum
511 1790 663 1856 testiculis
693 1791 819 1876 deligit,
851 1791 969 1855 exsecat
997 1790 1052 1855 hos
1079 1790 1143 1871 ipse
1172 1791 1203 1854 et
1231 1788 1340 1855 lanato

218 1892 302 1960 exuit
323 1914 358 1959 ex
380 1894 511 1959 folliculi
534 1895 679 1977 tegmine.
714 1894 858 1959 accedens
881 1912 1019 1958 maerens
1042 1896 1073 1958 et
1098 1891 1283 1958 summissus
1300 1893 1339 1957 ad

216 2001 347 2063 matrem
382 1999 412 2061 et
445 1999 603 2078 tamquam
637 1995 701 2078 ipse
729 1997 882 2061 sententia
911 1995 1177 2061 condemnauisset
1208 2015 1240 2060 se
1270 2015 1338 2078 sua,

216 2101 250 2165 in
273 2101 426 2184 gremium
447 2099 557 2181 proicit
581 2099 624 2183 [et
646 2099 732 2183 iacit]
757 2101 810 2164 hoe
832 2100 906 2164 eius.
936 2099 1089 2164 uirilitate
1110 2099 1248 2181 pignoris
1269 2101 1339 2163 uisa
1352 2125 1375 2163 rs

218 2203 314 2268 sumit
337 2204 474 2268 animum
497 2203 653 2267 mitiorem
676 2204 706 2267 et
728 2202 868 2285 concepti
884 2202 930 2267 fet
917 2207 967 2267 tus
983 2204 1106 2266 reuocat
1107 2221 1144 2266 ur
1092 2202 1197 2265 tad
1212 2221 1338 2267 curam:

190 2307 300 2390 parit
325 2325 462 2370 mensem
490 2307 559 2387 post
588 2305 741 2370 decimum
771 2306 922 2370 luculenti
950 2306 1048 2370 filiam
1071 2305 1218 2386 corporis,
1244 2325 1339 2387 quam

132 2418 151 2474 r
162 2420 210 2470 roe
220 2411 304 2474 aetas
325 2408 503 2474 mortalium
519 2427 702 2492 consequens
724 2410 813 2473 modo
829 2409 971 2474 Liberam
987 2409 1076 2474 modo
1096 2407 1100 2494 l
1119 2407 1339 2490 Proserpinam

218 2513 416 2593 nuncupauit.
451 2531 544 2593 quam
567 2531 636 2576 cum
658 2531 824 2576 uerueceus
846 2511 952 2595 Iuppit
954 2531 986 2576 er
939 2512 1085 2576 tbeue
1107 2511 1256 2587 ualidam,
1281 2509 1338 2574 flo-

218 2615 317 2679 ridam
345 2617 376 2677 et
405 2615 469 2678 suci
498 2631 562 2679 esse
590 2615 778 2696 conspiceret
808 2615 968 2698 plenioris,
1003 2614 1118 2678 oblitus
1147 2614 1238 2695 paulo
1266 2615 1376 2682 antero

219 2719 293 2801 quid
316 2719 468 2781 malorum
492 2718 522 2781 et
544 2719 667 2783 sceleris
691 2719 770 2782 esset
792 2720 954 2802 adgressus
977 2719 1008 2781 et
1030 2717 1217 2782 temeritatis
1239 2735 1339 2800 quan-

219 2825 296 2894 tum,
326 2819 405 2884 redit
427 2821 464 2884 ad
487 2821 596 2903 prioris
618 2823 714 2896 actus,
739 2821 769 2884 et
792 2821 863 2902 quia
886 2819 1037 2884 nefarium
1065 2820 1227 2884 uidebatur
1250 2821 1337 2898 satis,

219 2925 338 3006 patrem
367 2941 436 2988 cum
464 2923 528 2987 filia
557 2923 725 2987 comminus
758 2923 862 2992 uxoria
894 2921 1107 3005 coniugatione
1140 2922 1281 3001 misceri,
1307 2923 1339 2988 in

220 3027 357 3090 draconis
373 3027 545 3090 terribilem
561 3026 692 3089 formam
707 3026 831 3109 migrat,
848 3025 1024 3108 ingentibus
1037 3023 1129 3107 spiris
1144 3025 1340 3107 pauefactam
1439 3031 1440 3072 ἒ

220 3129 348 3212 colligat
375 3129 528 3211 uirginem
551 3129 582 3193 et
604 3129 659 3193 sub
688 3130 815 3194 obtentu
846 3129 902 3192 feri
924 3127 1115 3191 mollissimis
1144 3127 1225 3192 ludit
1248 3129 1374 3210 atquess

220 3233 364 3296 adulatur
386 3231 587 3313 amplexibus.
611 3230 647 3294 lit
668 3233 705 3294 ut
727 3234 758 3295 et
781 3231 848 3314 ipsa
870 3231 907 3294 de
929 3231 1045 3294 semine
1068 3230 1230 3295 fortissimi
1254 3249 1339 3296 com-

219 3335 340 3418 pleatur
362 3334 454 3410 Iouis,
478 3337 612 3398 sednon
636 3333 742 3397 eadem
765 3333 942 3397 condicione
965 3351 1024 3414 qua
1046 3335 1160 3398 mater:
1186 3352 1261 3398 nam
1282 3333 1338 3398 illa

220 3437 317 3503 filiam
340 3436 474 3501 reddidit
490 3435 679 3500 liniamentis
695 3434 880 3515 descriptam
898 3434 971 3512 suis,
997 3435 1030 3499 at
1047 3453 1082 3499 er
1096 3440 1187 3519 partu
1203 3436 1337 3521 uirginis

254 3641 550 3695 iardescetPcorrc‘
652 3637 1030 3706 3tempestatequcPcorrc
1132 3639 1252 3692 4Brimo
1271 3641 1340 3694 Gui—
1439 3657 1440 3660 ¹

220 3727 314 3781 estmoe
336 3725 486 3780 Caeteros:
510 3723 596 3792 primo
614 3725 641 3778 P
770 3725 787 3778 5
805 3723 952 3792 appelletur
970 3723 1125 3778 Macestus.-
1148 3725 1300 3794 appellatur
1319 3727 1345 3780 P

219 3812 400 3883 appellaretur
423 3811 475 3864 Urs
610 3825 688 3878 quam
713 3811 744 3862 ut
768 3807 822 3863 Sub
845 3810 876 3862 ira
901 3823 961 3862 err:
989 3811 1053 3878 quin
1077 3811 1104 3867 P
1130 3811 1194 3879 quia
1219 3811 1273 3866 dab

220 3897 404 3952 6eaudaciam
417 3895 468 3960 ΡΙ
530 3894 682 3949 filiPcorr
772 3895 906 3960 apraeces
919 3894 946 3947 P
1036 3894 1151 3949 dolentis
1165 3895 1235 3949 Sub:
1253 3895 1342 3950 dolen·

220 3984 300 4037 tesP
400 3981 496 4036 barres
510 3983 609 4034 Poorr
712 3981 744 4033 13
762 3978 876 4033 folliculi
890 3979 959 4033 Sub:
977 3979 1097 4048 polliculi
1110 3982 1137 4034 P
1183 4041 1187 4048 ,
1240 3997 1342 4036 merens

221 4070 248 4123 P
265 4084 326 4122 corr
343 4084 359 4121 r
473 4067 505 4120 14
523 4066 721 4140 condemnasset
740 4065 793 4117 Sub
913 4065 946 4117 15
963 4067 991 4117 et
1009 4064 1073 4118 iacit
1091 4065 1135 4120 del
1157 4066 1275 4121 Orelliue

182 4189 186 4200 ,
220 4156 266 4207 uia
284 4155 311 4208 P
328 4169 389 4207 corr
524 4153 556 4205 16
574 4149 693 4218 concepti
716 4149 782 4202 Urs.-
800 4150 920 4218 concepit
939 4151 978 4217 (ce
995 4150 1027 4204 irs
1045 4151 1069 4204 ci
1088 4153 1160 4220 corr)
1180 4153 1207 4206 P
1224 4152 1343 4222 concipit

221 4240 277 4294 Sub
384 4239 416 4292 19
433 4253 571 4291 ueruecsus
590 4235 658 4289 Sub.-
682 4234 839 4289 uiruirioeus
857 4236 884 4289 P
990 4235 1024 4288 22
1042 4239 1115 4291 astus
1132 4238 1276 4292 Mcursiacs

220 4324 433 4392 24ingcnitibus
446 4324 546 4378 Pcorr
635 4320 729 4375 25feri
747 4321 813 4375 Urs.-
826 4321 918 4375 ieroP
1008 4322 1041 4375 27
1054 4322 1127 4376 illam
1140 4323 1275 4378 Pcorrc¹
1317 4321 1319 4326 '

221 4412 255 4466 28
272 4411 329 4464 filia
347 4412 374 4465 P
391 4413 492 4464 corrc¹
595 4411 623 4462 at
642 4408 704 4473 Sub,
722 4423 752 4460 r:
770 4407 804 4460 ad
822 4406 850 4460 P
