2950 5006
1101 486 1170 566 1111

33 685 85 747 ·11
114 685 307 768 agnoscenda
335 687 475 750 ueterum
504 670 723 750 consuetudine
751 685 903 769 sagacitas
926 684 1091 766 praeclaris
1114 683 1169 749 ob-

56 786 285 852 seruationibus
308 789 455 854 11111111
476 807 527 852 me
550 787 680 852 1111111.
705 788 779 852 dum
794 788 867 854 uero
881 775 1023 872 plagulas
1040 788 1170 879 corrigo,

54 890 171 954 allatus
195 899 242 954 est
262 890 363 956 Zinlrii
386 889 636 956 emendationum
657 890 906 959 Arnobiauarum
926 890 1052 958 libellus
1067 890 1170 956 nouis-

54 993 163 1072 rimus,
187 995 485 1076 quemBambergae
501 994 707 1061 1873111111.
734 993 817 1060 idern
838 1013 857 1060 a
877 1013 928 1058 me
949 996 1076 1076 rogatus
1099 1011 1172 1058 con-

55 1095 190 1160 iecturas
218 1115 295 1162 asse
323 1097 461 1162 nondum
487 1095 606 1179 publici
629 1097 704 1163 iuris
727 1097 824 1162 fectus
851 1097 1021 1165 liberaliter
1048 1115 1170 1162 mecum

54 1199 307 1264 communicarit.
323 1199 435 1282 quibus
450 1202 581 1284 cognitis
596 1201 756 1265 interdum
770 1216 819 1264 me
834 1200 867 1264 in
882 1201 1011 1266 eandem
1025 1199 1172 1266 medendi

59 1302 213 1366 rationem
226 1301 368 1369 incidisse
390 1304 574 1386 gaudebam,
597 1322 653 1369 nee
674 1303 778 1368 minus
799 1307 891 1386 grata
913 1307 1001 1368 erant
1023 1321 1100 1385 quae
1122 1322 1172 1368 mo

55 1405 213 1488 fugerant.
245 1405 339 1470 etiam
366 1404 592 1472 Klussmanuus
620 1406 698 1471 milri
727 1407 835 1472 edesse
866 1406 977 1472 uoluit.
1013 1407 1174 1489 praeterea

52 1505 194 1572 Arnobio
215 1525 283 1572 meo
303 1507 368 1573 iam
389 1510 471 1592 typis
493 1527 633 1591 expresso
648 1509 683 1575 id
699 1511 746 1574 est
762 1512 891 1574 exeunte
907 1527 986 1574 anuo
1003 1509 1175 1583 18741111,

53 1611 131 1692 tigit
160 1613 195 1674 ut
217 1611 344 1693 Volgeri
370 1611 521 1695 praefecti
547 1611 752 1678 bibliothecae
773 1612 1023 1696 luneburgensis
1051 1613 1174 1679 urbicae

52 1713 250 1798 benignitate
271 1716 438 1796 apparatus
461 1713 572 1794 critici,
596 1733 687 1796 quem
708 1715 752 1780 M.
776 1713 902 1782 Orusius
924 1719 1032 1782 octauo
1056 1715 1175 1782 decimo

53 1817 208 1882 saeculo
199 1819 326 1883 11111111
349 1821 388 1884 ad
409 1836 523 1883 nouam
545 1819 677 1884 Arnobii
699 1819 866 1884 editionem
882 1819 1093 1888 adornandam
1109 1817 1173 1882 ool-

52 1921 174 2004 legerat
205 1920 257 2005 (cl
289 1919 412 1986 Oehleri
439 1921 534 2005 praef.
561 1943 593 2006 p.
622 1919 697 2006 VI),
728 1926 945 2005 campartem
971 1922 1175 1999 nanciscerer

54 2042 117 2104 qua
146 2026 300 2088 emendat
292 2043 375 2090 11111
393 2025 432 2089 P
454 2025 507 2090 Pit
508 2025 578 2090 hoei
604 2027 709 2092 Huet''
688 2046 712 2091 11
736 2025 866 2110 Rigalt'
846 2045 869 2090 u
895 2027 1009 2108 Guyeti
1033 2023 1177 2090 Memmii

54 2127 192 2191 aliorum
220 2127 465 2194 continerentur·
495 2132 577 2195 uude
604 2131 709 2196 omnia
736 2147 813 2212 quae
841 2129 922 2196 scitu
951 2130 1046 2211 digna
1073 2130 1176 2194 essent

53 2230 225 2296 Oehlerum
247 2231 433 2313 excerpsisse
457 2233 556 2299 didici.
579 2232 690 2314 quibus
705 2234 781 2298 uiris
798 2234 939 2298 omnibus
955 2232 1076 2298 debitas
1090 2248 1174 2299 nuuc

52 2333 175 2416 gratias
198 2349 289 2414 agere
311 2333 395 2399 licet.

160 2435 207 2500 Ex
227 2436 347 2520 ingenti
368 2455 442 2502 uero
466 2440 711 2504 coniecturarum
733 2398 872 2517 numero,
896 2439 1049 2520 quemad
1071 2437 1175 2502 Aruo-

51 2537 145 2601 bium
167 2539 422 2620 congesseruntt
423 2539 506 2606 rium
526 2523 720 2606 saeculorum
741 2541 905 2624 philologi,
934 2543 1055 2623 praeter
1076 2539 1175 2606 certas

54 2641 290 2705 emendationes
312 2641 406 2724 selegi
429 2661 490 2723 eas,
514 2662 591 2725 quae
614 2643 897 2708 111111111111111
919 2643 1014 2708 alicui
1034 2642 1175 2707 1111111

53 2743 154 2808 fuisse
182 2747 238 2808 aut
265 2745 330 2809 ibre
352 2745 540 2812 uidebantur
561 2746 689 2830 reliquis
711 2745 855 2812 omnibus
877 2747 1114 2829 praetermissis,
1137 2764 1176 2809 ne

54 2846 245 2930 scriptorem
258 2847 362 2914 inutili
384 2850 540 2934 farragine
563 2849 735 2914 obruerem.
758 2851 822 2914 iam
844 2849 882 2914 de
896 2849 1077 2929 rutionibus,
1100 2865 1177 2932 quas

52 2951 123 3032 ipse
146 2950 180 3016 in
202 2950 393 3017 emendendo
415 2951 552 3018 Aruobio
575 2956 698 3018 secutus
720 2953 793 3032 sim,
823 2971 922 3036 pauca
943 2952 1072 3018 dicenda
1093 2954 1176 3018 sunt.

55 3053 178 3134 aliquot
193 3053 280 3132 loeis,
303 3054 356 3136 qui
378 3055 513 3138 comupti
534 3055 732 3135 dicebantur,
760 3055 916 3122 medelam
939 3055 1065 3121 adhibui
1091 3055 1178 3120 nulla

56 3157 120 3221 alia
143 3176 177 3221 re
196 3157 259 3222 nisi
271 3159 519 3240 interpunctione
534 3162 671 3224 mutata:
694 3158 727 3224 id
743 3162 823 3242 quod
838 3177 1070 3240 nonnumquam
1085 3160 1177 3224 tacite

55 3261 128 3325 feei.
145 3263 240 3342 atque
254 3280 373 3344 semper
387 3262 419 3327 id
428 3267 492 3346 egi,
508 3263 544 3326 ut
562 3263 624 3328 leni
638 3256 732 3329 manu
743 3262 874 3328 uulnera
884 3262 1015 3329 Arnobii
1025 3278 1178 3327 sanarem.

56 3363 193 3428 maxime
208 3367 314 3430 autem
326 3367 495 3430 uerendum
507 3369 562 3442 est,
578 3385 616 3428 ne
628 3383 866 3450 synonymorum
883 3364 1101 3443 cumulatione,
1118 3382 1180 3446 qua

56 3469 191 3550 scriptor
219 3471 349 3550 gaudet,
378 3468 484 3532 offensi
512 3468 641 3534 calidius
669 3486 762 3551 quam
795 3469 978 3552 prudentius
1011 3467 1180 3550 interpola·
1258 3466 1263 3475 '

55 3570 183 3635 toribus
205 3571 379 3637 tribuamus
402 3571 588 3637 Arnotiana
611 3571 753 3653 inprimis
774 3571 924 3638 1111111111
939 3589 1179 3653 synonymorum

52 3675 149 3760 paria
170 3677 206 3739 ut
229 3693 319 3756 saepe
340 3675 377 3738 fit
399 3675 487 3740 nulla
508 3676 617 3757 copula
640 3675 810 3740 coniuncta.
835 3675 899 3739 iam
921 3678 1106 3740 correctores
1122 3693 1175 3740 11-

55 3779 141 3859 tiqui
164 3778 197 3842 in
217 3777 306 3842 initio
321 3776 395 3842 libri
411 3780 544 3844 alterum
559 3795 766 3862 synonymum
781 3780 991 3860 expunxerunt
1015 3777 1044 3857 (c
1061 3778 1177 3855 10,17.

56 3881 112 3946 21.
137 3880 189 3944 22.
214 3880 328 3960 14,17.
351 3881 401 3946 23.
425 3883 477 3958 41,
488 3881 517 3945 2.
535 3881 584 3955 72,
599 3883 653 3959 10;
670 3879 695 3944 c'
708 3881 761 3959 44,
774 3881 803 3946 9.
820 3882 871 3958 66,
883 3881 934 3948 25.
951 3881 1003 3958 87,
1016 3880 1064 3946 16.
1082 3880 1174 3956 881.

60 3983 115 4064 92,
129 3983 160 4048 7.
194 3983 265 4060 103,
280 3985 328 4050 16.
363 3985 509 4063 139,17),
532 3987 612 4066 quod
634 4003 688 4048 suo
710 3983 847 4066 periculo
871 4002 921 4048 eos
956 3983 1065 4050 iecisse
1097 4000 1179 4049 unus

58 4089 149 4152 locus
179 4087 241 4166 (41,
254 4087 286 4166 2)
321 4090 503 4170 argumento
532 4089 595 4164 est,
627 4085 683 4152 ubi
710 4087 789 4152 falso
818 4089 982 4152 correctori
1008 4103 1180 4170 synonyma

57 4189 215 4272 geminari
236 4189 307 4254 uisa
327 4194 410 4263 sunt.
433 4194 541 4272 postea
562 4191 620 4257 hoc
641 4191 777 4257 remedio
792 4193 839 4255 uti
853 4191 1028 4257 desierunt:
1049 4192 1178 4272 apparet

30 4317 34 4328 ·
57 4310 112 4358 eos
134 4294 336 4376 perspexisse,
357 4312 388 4358 se
403 4293 578 4359 Arnobium
592 4313 653 4359 nou
668 4295 810 4360 librarios
833 4295 1048 4358 emendaturos
1071 4293 1174 4360 fuisse.

57 4394 249 4460 incautiores
266 4395 392 4462 fuerunt
406 4396 649 4464 Hildebrandius
664 4399 777 4480 quique
792 4417 864 4464 eum
877 4395 977 4462 secuti
998 4398 1082 4462 1111.
1104 4415 1177 4462 uam

58 4500 147 4565 ultra
171 4503 358 4565 correctores
381 4501 523 4582 antiquos
545 4519 653 4583 sapere
675 4501 734 4566 sibi
757 4502 817 4566 uisi
839 4501 942 4584 plures
958 4518 1052 4583 quam
1066 4501 1114 4567 illi
1128 4500 1178 4564 in-
