2888 5008
577 458 674 512 niter
699 458 728 512 v.
1149 465 1208 532 191

93 625 241 695 traditur':
270 627 275 713 Ι
300 628 396 694 irater
422 630 593 695 trucidatus
620 631 659 696 ab
686 630 849 711 fratribus,
880 632 1057 717 interempti
1081 653 1116 701 ex
1137 653 1296 705 sanatos

92 733 186 816 guine
209 733 315 816 epium
336 732 455 810 natum,
478 731 670 816 prohibitum
693 734 808 798 mensis
831 734 919 798 holus
934 735 1015 799 illud
1030 737 1149 820 adponi,
1172 758 1211 804 ne

92 836 277 902 aMauibus
304 835 419 900 mortui
449 835 646 918 inexpiabilis
675 837 902 903 contraheretur
931 839 1064 905 offensio.
1098 841 1151 906 sed
1179 844 1211 908 et

49 943 54 959 '
91 940 150 1004 illa
172 939 349 1004 desistimus
370 937 575 1004 Bacchanalia
596 939 695 1004 altera
717 940 902 1022 praedicare,
924 943 957 1006 in
973 943 1084 1026 quibus
1099 964 1211 1011 arcane

68 1045 125 1106 eet
146 1041 275 1106 tacende
303 1059 352 1104 res
382 1040 522 1122 proditur
549 1041 785 1124 insinuaturque
812 1045 955 1126 sacratis,
984 1048 1020 1110 ut
1046 1049 1210 1129 occupatus

89 1144 260 1226 puerilibus
296 1143 424 1210 ludicris
461 1143 627 1210 distractus
664 1145 703 1210 ab
731 1147 852 1212 Titanis
874 1148 966 1214 Liber
1004 1150 1061 1227 sit,
1098 1152 1133 1216 ut
1170 1151 1208 1218 ab

90 1247 192 1312 isdem
214 1247 412 1314 membratim
435 1231 649 1330 sectus‘atque
671 1248 704 1312 iu
726 1249 838 1314 ollulas
865 1250 1020 1318 coniectus
1042 1254 1078 1317 nt
1100 1272 1208 1337 coque·
1258 1286 1263 1295 ·

90 1353 186 1431 retur,
210 1351 468 1432 quemadmodum
491 1351 630 1434 Iuppiter
652 1351 808 1418 suauitate
831 1352 932 1418 odoris
955 1354 1097 1433 inlectus,
1120 1357 1208 1422 inuo-

90 1459 178 1520 catus
201 1454 352 1520 aduolarit
374 1456 413 1520 ed
434 1455 598 1538 prandium
627 1456 830 1539 conpertaque
852 1474 885 1520 re
907 1458 996 1539 graui
1021 1459 1208 1541 grassatores

52 1578 79 1615 ro
90 1558 227 1622 obruerit
256 1558 388 1623 fulmine
416 1561 507 1641 etque
530 1560 562 1623 in
589 1559 668 1625 imas
692 1558 814 1624 Tartari
841 1560 1091 1642 praecipitauerit
1113 1562 1208 1629 sedes.

90 1661 179 1726 cuius
209 1663 253 1726 rei
276 1661 489 1727 testimonium
511 1663 794 1746 argumentumque
823 1662 964 1728 fortunae
987 1664 1052 1730 suis
1074 1665 1210 1748 prodidit

90 1763 126 1828 in
160 1765 349 1830 carminibus
378 1765 525 1830 Thracius
558 1765 638 1830 talos
677 1767 836 1846 speculum
869 1766 1022 1846 turbinos,
1058 1768 1209 1834 uolubilse

90 1867 209 1932 rotulas
233 1868 264 1931 et
285 1867 393 1932 teretis
414 1867 495 1949 pilas
519 1867 549 1932 et
571 1867 745 1952 uirginibus
761 1887 854 1935 auree
869 1871 993 1953 sumpta
1008 1871 1208 1968 abeesperi·

89 1968 181 2034 dibus
205 1970 295 2034 mala.
336 1971 402 2036 erat
425 1970 511 2034 nobis
539 1970 701 2035 consilium
728 1971 910 2053 praeterire,
941 1973 1131 2055 praeteruehi
1153 1973 1259 2040 illaec

52 2097 77 2134 rr
90 2072 187 2137 etiam
214 2074 376 2156 mysteria,
406 2073 517 2155 quibus
544 2073 681 2157 Phrygia
714 2073 856 2138 initiatur
884 2075 977 2156 atque
1005 2076 1106 2140 omnis
1133 2095 1208 2160 gens

90 2174 160 2255 Ilia,
184 2176 245 2240 nisi
268 2193 378 2242 nomen
400 2176 618 2258 interpositum
640 2176 689 2241 his
703 2176 786 2240 Iouis
809 2175 984 2260 prohiberet
999 2195 1054 2242 nos
1074 2179 1207 2244 strictim

88 2277 220 2342 iniurias
251 2277 317 2352 eins
339 2279 587 2362 ignominiaeque
609 2278 751 2356 transire,
783 2296 842 2344 non
864 2296 923 2360 quo
945 2279 1032 2346 nobis
1055 2282 1144 2346 dulce
1165 2283 1208 2347 sit

89 2386 156 2446 tem
178 2380 277 2447 foedis
300 2381 471 2463 inequitare
494 2381 664 2465 mysteriis,
688 2382 800 2446 sedut
822 2381 897 2464 ipsis
920 2383 1007 2448 uobis
1029 2386 1207 2466 promptum
1296 2459 1298 2464 ⁸

88 2484 185 2548 etiam
208 2485 300 2566 etque
322 2485 417 2550 etiam
439 2485 503 2563 fiat,
527 2485 601 2567 quid
616 2484 649 2548 in
666 2502 715 2549 eos
732 2485 902 2570 congeratis
927 2485 1056 2551 iniuriae
1078 2504 1207 2569 quorum

50 2586 279 2667 reprofitemiui
312 2605 366 2652 uos
400 2607 464 2652 esse
487 2587 626 2653 custodes
654 2588 789 2652 uindices
810 2589 1020 2656 ueneratores.
1055 2589 1205 2670 quondam

89 2689 255 2770 Diespiter,
279 2689 434 2771 inquiunt,
458 2709 529 2754 oum
550 2690 583 2754 iu
606 2688 744 2755 Cererem
767 2708 855 2755 suem
876 2692 1008 2756 matrem
1023 2690 1207 2758 libidinibus

87 2791 239 2874 improbis
251 2793 343 2873 etque
354 2793 537 2857 inconcessis
549 2792 771 2874 cupiditatibus
783 2794 1059 2859 aestuaret-nam
1069 2795 1206 2878 genetrix

87 2896 164 2959 haee
175 2894 257 2960 louis
270 2895 402 2978 regionis
415 2895 480 2958 eius
492 2896 530 2960 ab
541 2895 650 2960 accolis
666 2894 800 2960 traditur
812 2914 948 2977 anequo
962 2900 1066 2960 temen
1081 2898 1207 2964 auderet

87 2998 122 3062 id
144 2996 225 3080 quod
247 2993 368 3079 procaci
390 2997 578 3078 adpetitione
603 2995 609 3081 Ι
635 3001 812 3078 conceperat
836 2998 1031 3081 apertissima
1046 2999 1078 3062 ui
1093 3001 1205 3082 petere,
1217 3018 1234 3068 r.
1246 3015 1308 3068 roe·

51 3100 265 3186 reingeniosas
287 3099 530 3166 comminiscitur
552 3100 706 3181 captiones
724 3100 835 3182 quibus
852 3100 932 3166 nihil
943 3101 1005 3166 tale
1020 3103 1207 3168 metuentem

89 3203 234 3270 castitate
256 3203 455 3269 imminueret
476 3204 678 3286 genetricem:
701 3203 738 3266 fit
759 3222 794 3268 ex
817 3203 871 3269 deo
894 3204 1001 3268 taurus
1023 3205 1054 3268 et
1076 3205 1132 3268 sub
1152 3225 1206 3288 pe·

90 3308 169 3374 coris
203 3307 302 3388 speeie
335 3303 518 3372 subsessoris
552 3307 689 3372 animum
725 3308 817 3387 atque
850 3305 1011 3371 audaciam
1044 3307 1146 3371 colans
1174 3309 1206 3372 in

89 3429 230 3477 securam
259 3410 291 3474 et
318 3411 453 3477 nesciam
479 3410 636 3494 repentina
665 3409 849 3474 immittitur
872 3409 904 3473 ui
927 3408 1047 3487 furens,
1071 3411 1137 3494 agit
1158 3410 1206 3475 in-

190 3564 438 3628 rnenrnre
510 3529 805 3628 ‘eouearnre

125 3705 309 3760 ltrueidatur
328 3704 382 3759 Sub
486 3704 568 3758 aSob
671 3702 793 3755 Ctitatis
811 3702 908 3755 Pcorr
925 3701 1066 3756 Titanibus
1085 3702 1139 3756 Sub

89 3791 225 3844 8uidoris
249 3789 301 3845 Urs
404 3790 438 3844 12
459 3788 584 3842 carnibus
602 3789 630 3841 P
646 3803 708 3842 corr
725 3791 750 3842 ε’
853 3787 982 3840 Thracius
1000 3787 1069 3841 Sub:
1092 3787 1206 3841 thraoios

90 3877 118 3929 P
145 3879 220 3930 uates
244 3875 371 3930 Thracius
394 3875 444 3930 cel
473 3875 591 3943 Orpheus
615 3874 744 3927 Thracius
767 3875 782 3928 y
901 3873 1041 3928 Thracius:
1071 3873 1157 3926 talos.
1173 3914 1201 3926 ..

89 3962 160 4015 mala
177 3963 233 4014 eret
250 3968 314 4016 ecte
332 3961 494 4015 &mntem
602 3960 634 4013 14
646 3975 681 4013 'ea
698 3962 756 4014 erat
773 3959 850 4016 Sodm
956 3957 1120 4028 praeteruehi
1138 3958 1206 4012 Sob:

89 4041 295 4115 praeterueni'P
379 4047 412 4100 15
429 4045 518 4114 frygia
531 4046 558 4098 P
572 4045 705 4114 Pbrygiae
725 4045 779 4100 Sub
798 4045 909 4115 Phrigia
924 4045 957 4100 in
975 4059 1020 4098 err
1105 4043 1138 4097 16
1155 4042 1207 4096 Ilia

91 4133 251 4186 Memmiae:
274 4132 322 4185 ille
339 4133 366 4186 P
467 4131 500 4186 18
517 4131 681 4199 inaequitare
698 4132 726 4184 P
826 4134 859 4186 21
877 4132 907 4184 in
924 4129 1041 4184 Cererem
1060 4127 1129 4183 Sub:
1155 4128 1261 4198 ini·¹

90 4233 146 4272 cere
164 4219 191 4272 P
208 4217 275 4270 inire
293 4218 411 4272 Cererem
429 4216 549 4286 Scalae
652 4233 727 4270 snam
741 4234 783 4272 om
795 4219 849 4273 Sub
951 4216 985 4269 24
1001 4217 1089 4283 petere
1109 4214 1163 4270 Snb
1175 4215 1208 4268 ire

91 4320 150 4357 err.-
168 4303 307 4372 poteretP
324 4306 410 4371 petere
427 4303 520 4357 etSob
623 4303 656 4357 27
675 4302 787 4372 speeiem
800 4305 936 4358 Pcorrc¹
1038 4301 1072 4354 28
1089 4300 1208 4355 incestus

92 4387 159 4443 sao:
182 4387 310 4443 incestius
329 4389 356 4442 P
