2950 5006
363 1376 370 1396 d

350 1424 571 1535 trouu
612 1421 992 1536 SECVNDVS

157 1680 231 1783 Hoc
252 1717 285 1780 in
306 1716 372 1781 loco
394 1716 490 1780 tribui
512 1715 538 1779 si
560 1713 627 1780 ulla
648 1713 781 1780 facultas
803 1717 923 1798 posset,
953 1715 1068 1780 uellem
1089 1733 1160 1781 oum
1181 1715 1255 1782 hiel

111 1821 253 1886 omnibus
276 1819 387 1902 quibus
412 1817 682 1883 nomer‘inuisum
705 1818 752 1882 est
777 1815 893 1882 Christi
915 1817 953 1882 ab
974 1818 1120 1884 instituta
1145 1819 1230 1901 prin-

113 1925 255 2008 cipaliter
288 1921 461 1988 defensione
494 1919 682 1985 deuerticulo
719 1918 874 2002 paulisper
910 1920 991 1985 facto
1028 1921 1106 1986 talia
1136 1922 1231 2012 uerba

89 2028 254 2094 smiscere:
286 2026 313 2092 si
335 2025 454 2090 nullam
476 2043 541 2089 esse
557 2023 670 2088 ducitis
686 2021 904 2088 contumeliam
920 2023 1098 2106 respondere
1113 2023 1231 2107 aliquid
1261 2011 1266 2020 ’

112 2129 327 2214 interrogatos,
351 2129 530 2194 edissertate
551 2126 639 2191 nobis
662 2129 693 2191 et
715 2125 823 2191 dicite:
847 2125 922 2208 quid
943 2127 1003 2207 rei,
1025 2127 1100 2210 quid
1122 2145 1231 2194 causae

113 2233 170 2310 est,
192 2231 274 2314 quod
295 2233 363 2296 tarn
385 2229 532 2314 grauibus
553 2229 751 2295 insectamini
766 2227 924 2294 Christum
939 2228 1038 2308 bellis,
1061 2231 1112 2296 uel
1131 2228 1136 2317 Ι
1154 2243 1315 2314 quaeratb

112 2337 179 2401 eius
208 2335 370 2400 continetis
399 2332 544 2412 offensas,
573 2333 610 2398 ut
632 2331 757 2396 adeius
785 2331 917 2396 nominis
939 2333 1126 2398 mentionem
1147 2335 1230 2400 rabi-

113 2439 224 2503 dorum
244 2438 404 2518 pectorum
426 2435 630 2500 efferuescatis
653 2433 835 2499 ardoribus?
859 2435 1010 2516 numquid
1031 2436 1149 2522 regiam
1171 2437 1231 2502 sibi

75 2540 274 2606 reuindicans
296 2539 482 2621 potestatem
508 2539 663 2604 terrarum
691 2521 795 2602 orbern
823 2539 968 2603 cunctum
989 2538 1161 2622 legionibus
1183 2540 1231 2604 in·

113 2643 292 2710 festissimis
315 2642 478 2725 occupauit
499 2644 531 2706 et
552 2643 674 2723 pacatas
697 2641 736 2706 ab
759 2641 879 2706 exordio
901 2641 1038 2708 nationes
1057 2643 1133 2708 alias
1148 2643 1232 2709 delo-

122 2747 171 2812 uit
192 2765 227 2812 ac
248 2746 376 2811 sustulit
397 2745 475 2810 alias
500 2744 560 2810 sibi
574 2761 679 2827 parere
694 2743 860 2808 cenricibns
875 2745 1023 2827 compulit
1038 2746 1233 2830 subiugatis?

119 2849 271 2932 numquid
292 2848 451 2915 ardoribus
470 2847 623 2926 eumitiae
643 2847 775 2930 flagrans
797 2846 952 2912 uniuersas
974 2865 1045 2930 opes
1059 2848 1142 2927 illas,
1165 2850 1233 2932 qui·

116 2953 175 3018 bus
197 2971 229 3018 se
250 2971 346 3036 genus
368 2951 539 3016 humanum
553 2951 689 3016 studiose
709 2949 867 3014 contendit
880 2951 1013 3034 impleri,
1035 2953 1233 3034 possessionis

76 3073 189 3124 assuas
219 3055 371 3138 mancipio
404 3054 598 3119 uindicauit?
632 3053 782 3134 numquid
814 3052 979 3119 libidinum
1012 3055 1233 3136 cupiditatibus

115 3157 251 3242 gestiens
279 3157 444 3241 pudicitiae
472 3157 619 3240 repagula
641 3156 673 3221 ui
695 3153 789 3240 fregit
817 3157 871 3220 aut
898 3157 1007 3222 alienis
1028 3157 1136 3224 furtim
1157 3159 1233 3225 insi·

115 3262 219 3327 diatus
234 3264 281 3327 est
294 3261 523 3327 matrimoniis?
544 3259 695 3344 numquid
709 3260 904 3344 adrogantiae
919 3262 1080 3343 supercilio
1095 3263 1233 3330 tumidus

114 3365 244 3429 iniurias
266 3364 297 3428 et
312 3365 512 3429 contumelias
527 3365 642 3447 passim
657 3364 721 3429 sine
735 3362 831 3428 ullius
846 3381 990 3447 personae
1005 3365 1233 3432 discriminibus

115 3467 294 3551 irrogarit?
316 3469 347 3532 et
369 3467 485 3532 nonin
508 3469 632 3532 cunctos
654 3467 686 3532 et
704 3467 809 3532 lumen
821 3468 993 3548 praetendit
1007 3469 1092 3534 uitae
1105 3469 1137 3534 et
1151 3471 1262 3553 peri-a

152 3753 344 3809 ldiuerticulo
364 3753 420 3810 Sab
524 3753 656 3824 deliquit
675 3755 702 3808 P
719 3771 812 3810 corre
920 3757 1013 3826 dquit
1030 3759 1058 3814 P
1074 3775 1167 3814 corre

114 3839 259 3895 80ffe¹sas
277 3841 304 3894 P
423 3840 581 3910 9numquit
599 3841 626 3894 P
643 3855 704 3895 corr
722 3845 745 3896 c¹
864 3841 898 3897 13
915 3844 1039 3912 numquit
1063 3845 1091 3898 P
1106 3859 1167 3900 corr

117 3925 152 3981 14
170 3935 248 3994 genus
266 3926 294 3980 P
394 3925 529 3982 studiosae
545 3927 572 3980 P
674 3926 707 3981 15
724 3928 960 3996 numquitPccrr
1063 3929 1095 3984 17
1112 3931 1235 4000 numquit

114 4011 217 4066 Pcorr
309 4012 342 4067 18
353 4011 417 4066 ullis
429 4010 510 4065 ullius
522 4011 727 4068 Klussuecauus
818 4013 851 4068 19
864 4013 893 4067 in
906 4014 1023 4084 cunctos]
1036 4015 1167 4070 cunctis?

116 4096 267 4168 praetendit
283 4097 396 4168 scripsi:
418 4097 597 4167 praetenderit
614 4098 643 4152 P

218 4182 429 4250 lule-5220
450 4183 481 4237 ta
505 4184 533 4237 P
558 4184 596 4237 sio
620 4185 826 4253 remugiunt:
855 4188 883 4239 et
904 4201 957 4240 non
974 4208 1021 4244 44444
1041 4186 1158 4242 omnium
1180 4189 1234 4242 uir-

115 4267 208 4321 tutum
225 4291 262 4326 us
279 4297 313 4306 -
330 4268 460 4322 malorum
476 4269 553 4321 tanta
571 4269 717 4338 experiatur
735 4271 854 4325 examina
871 4273 962 4326 utrmn
981 4297 1029 4332 nac
1045 4272 1074 4327 in
1086 4276 1194 4328 cunctos
1206 4277 1233 4328 et

115 4353 209 4407 lumen
226 4351 404 4421 praetenderit
414 4376 462 4411 aaa
473 4384 506 4392 -
525 4354 639 4422 quadam
656 4353 795 4410 dulcedine
813 4359 891 4425 atque
902 4381 939 4418 aa
950 4374 983 4412 ne
1000 4357 1077 4413 illum
1094 4359 1175 4413 tellus
1187 4381 1235 4417 aas

115 4453 142 4495 e.
160 4453 186 4507 g.
203 4454 225 4496 a.
242 4437 280 4492 cd
297 4439 382 4494 uerbo
398 4439 427 4492 in
443 4443 551 4494 cunctos
569 4442 596 4494 et
612 4439 702 4496 lumen
719 4439 865 4499 micuit
881 4459 978 4500 monae
994 4444 1128 4515 quosdam
1144 4460 1234 4500 recea-
