2950 5006
245 464 287 532 32
548 465 691 518 Arncbii
714 465 874 520 aduersus
897 467 1055 521 nationes
1088 415 1103 452 x

245 638 305 704 mm
335 636 453 702 dedbse
483 635 651 702 medicinas
684 637 715 700 et
736 635 904 701 multorum
931 636 1090 702 hominum
1122 639 1246 704 morbos
1272 641 1368 705 uale-

244 739 425 821 tudinosque
447 756 576 804 curasse.
610 755 671 803 uon
691 739 822 820 inquiro,
844 756 905 803 non
926 739 1023 823 exigo,
1046 738 1115 822 quis
1137 743 1212 806 deus
1229 742 1284 805 aut
1298 761 1368 824 quo

245 845 380 926 tempore
409 842 458 908 cui
486 840 581 908 fuerit
612 841 778 908 auxiliatus
811 843 867 907 aut
902 861 993 924 quem
1027 843 1159 910 ficetum
1186 845 1366 912 resbtuerit

245 946 387 1012 seuimti:
410 944 491 1010 illud
512 945 613 1010 solum
626 944 733 1010 audire
753 944 901 1024 desidero,
924 965 963 1010 on
977 946 1042 1012 sine
1056 946 1152 1012 ullius
1166 946 1364 1014 adiunctione

244 1049 392 1116 materiae
413 1048 446 1113 id
467 1049 514 1114 est
535 1047 747 1114 medicaminis
768 1048 900 1114 alicuius
912 1048 951 1113 ad
965 1048 1084 1114 tactum
1099 1050 1220 1116 morbos
1234 1050 1365 1118 iusserit
1389 1079 1406 1118 ⁵

244 1155 283 1220 ab
297 1153 475 1220 hominibus
492 1152 620 1230 euolare,
643 1151 771 1235 imperio
793 1153 848 1217 aut
862 1151 968 1218 fecerit
981 1152 1014 1217 et
1036 1154 1130 1218 emori
1145 1153 1364 1220 ualetudinum

244 1275 367 1324 causam
388 1257 420 1320 et
441 1255 590 1320 debilium
612 1271 736 1337 corpora
756 1255 795 1320 ad
815 1273 886 1322 suas
901 1274 1034 1320 remeare
1049 1256 1183 1320 naturus.
1216 1255 1363 1324 Christus

244 1359 328 1428 enim
354 1359 451 1426 scitur
478 1358 532 1423 aut
560 1358 683 1423 admota
710 1357 852 1441 partibus
879 1357 1055 1424 debilitatis
1082 1378 1176 1424 manu
1197 1361 1252 1426 aut
1273 1361 1363 1426 uocis

245 1463 396 1545 simplicis
427 1462 562 1527 iussione
594 1479 681 1526 aures
714 1461 867 1543 aperuisse
900 1461 1076 1541 surdorum,
1111 1464 1285 1529 exturbasse
1317 1463 1361 1528 ab

244 1567 341 1632 oculis
363 1565 534 1644 caecitates,
557 1565 726 1630 orationem
748 1563 868 1630 dedisse
889 1566 995 1644 mutis,
1019 1566 1220 1632 articulorum
1235 1567 1363 1633 uincula
1373 1598 1402 1636 iu

244 1669 403 1748 relaxasse,
426 1669 621 1735 ambulatum
643 1669 762 1734 dedisse
784 1669 957 1748 contractis,
979 1669 1152 1755 uitiligines
1174 1689 1361 1753 querqueras

244 1775 336 1855 atque
367 1772 530 1838 intercutes
563 1772 683 1837 morbos
716 1773 877 1854 omniaque
908 1772 971 1837 alio
997 1771 1210 1840 ualetudinem
1237 1791 1360 1858 genera,

244 1895 321 1959 quae
353 1876 487 1941 humane
519 1893 641 1957 corpore
674 1875 824 1940 sustinere
857 1874 958 1940 nescio
985 1894 1046 1958 qua
1073 1875 1175 1942 uoluit
1195 1877 1361 1960 inportuna

187 1975 423 2059 temnentes,
457 1978 551 2044 uerbo
583 1978 692 2044 solitus
718 1978 907 2061 imperioque
933 1996 1049 2044 sanare.
1083 1979 1158 2061 quid
1189 1979 1291 2045 simile
1312 1981 1359 2046 dii

244 2101 358 2160 omnes,
379 2100 398 2147 a
419 2081 531 2164 quibus
553 2098 642 2162 opem
662 2079 767 2145 dicitis
797 2080 897 2164 aegris
919 2081 950 2144 et
971 2080 1218 2163 periclitantibus
1238 2083 1396 2154 latamlis

244 2186 346 2270 quisi
378 2186 497 2268 quando
525 2187 562 2250 ut
583 2185 667 2249 fama
699 2185 748 2249 est
780 2183 934 2249 nonnullis
962 2184 1135 2250 adtribuere
1162 2185 1360 2266 medicinam,

161 2295 180 2346 f.
190 2295 235 2346 18¹³
244 2290 298 2354 aut
330 2288 433 2353 cibum
465 2288 600 2370 aliquem
629 2286 635 2372 Ι
664 2287 819 2352 iusserunt
851 2288 919 2370 capi
951 2291 1006 2352 eut
1036 2288 1196 2369 qualitatis
1227 2289 1361 2380 alicuius

245 2391 328 2458 ebibi
350 2392 502 2473 potionem
530 2391 585 2456 aut
605 2389 769 2454 herbarum
791 2391 823 2455 et
844 2391 1020 2474 graminum
1049 2409 1136 2457 sucos
1159 2409 1360 2474 superponere

244 2495 486 2577 inquietantibus
519 2493 634 2572 causis,
668 2493 841 2572 ambulare,
873 2511 988 2558 cessere
1010 2495 1118 2559 autre
1145 2495 1250 2577 aliqua
1282 2513 1361 2579 quae

244 2597 358 2663 officiat
395 2597 557 2662 abstinere.
596 2597 676 2678 quod
703 2613 767 2660 csse
794 2615 854 2661 non
879 2615 1029 2680 magnum
1056 2615 1112 2663 nec
1145 2599 1397 2672 admirationis„

245 2701 375 2767 abemus
398 2700 520 2781 stupore
543 2698 727 2782 condignum
748 2699 927 2781 promptum
948 2700 1004 2778 est,
1026 2700 1054 2764 si
1069 2700 1232 2766 uolueritis
1254 2703 1359 2767 atton

245 2806 330 2871 dere:
353 2805 385 2870 et
404 2802 517 2870 medici
540 2803 622 2868 enim
644 2805 688 2868 sic
709 2803 826 2881 curant,
849 2804 963 2868 animal
984 2804 1072 2868 humi
1092 2805 1201 2869 natum
1216 2822 1271 2868 noc
1286 2821 1360 2869 con·

245 2908 336 2972 fisum
369 2907 513 2973 scientiae
545 2907 676 2971 ueritate
708 2907 761 2972 sed
791 2908 823 2971 in
858 2907 922 2972 arte
954 2907 1133 2989 suspicabili
1162 2901 1297 2990 positum
1327 2909 1361 2972 et

246 3011 489 3076 coniecturarum
512 3011 779 3076 aestimationibus
803 3012 925 3076 numus.
955 3010 1041 3076 nulla
1061 3011 1166 3076 autom
1187 3011 1289 3076 uirtus
1310 3013 1360 3076 ost

245 3113 499 3179 medicaminibus
532 3131 672 3178 amouere
706 3133 784 3196 quae
814 3115 955 3179 noceant:
990 3113 1134 3181 beneficia
1161 3113 1222 3179 ista
1243 3133 1358 3195 rerum,
1371 3145 1396 3184 a

244 3234 304 3281 non
326 3218 398 3281 sunt
420 3217 594 3282 curantium
615 3218 799 3300 potestates,
834 3217 866 3281 et
886 3219 931 3282 ut·
944 3217 986 3283 sit
1007 3217 1162 3283 laudabile
1184 3217 1275 3296 scire,
1298 3235 1361 3299 qua

245 3319 357 3402 quibus
379 3321 540 3385 conueniat
562 3320 713 3387 medicina
735 3321 789 3386 aut
810 3321 876 3385 arte
898 3321 1015 3400 curari,
1038 3321 1122 3386 locus
1143 3321 1234 3386 huius
1255 3320 1360 3386 laudis

180 3445 183 3452 ·
244 3440 304 3487 non
330 3422 361 3486 in
390 3423 445 3488 deo
474 3423 526 3488 sed
548 3424 580 3487 in
601 3423 725 3489 homine
757 3422 941 3494 constitutus
973 3425 1028 3488 est.
1066 3423 1147 3488 bunc
1180 3424 1264 3488 euim
1297 3443 1359 3488 non

245 3528 292 3591 est
313 3527 402 3608 turpe
420 3526 511 3592 rebus
527 3528 712 3592 extrinsecus
728 3527 860 3610 sumptis
876 3527 1085 3592 ualetudinem
1100 3527 1235 3591 hominis
1251 3526 1359 3592 fecisse

244 3630 417 3696 meliorem:
450 3630 627 3696 indecorum
654 3630 710 3695 deo
738 3631 800 3709 est,
824 3647 883 3694 non
910 3630 1013 3712 ipsum
1041 3625 1095 3713 pe'r
1117 3649 1148 3696 se
1169 3648 1272 3713 posse,
1302 3630 1397 3701 sedeo

245 3734 439 3798 externarum
475 3732 670 3798 adminiculis
711 3751 814 3798 rerum
851 3733 1016 3798 sanitatem
1051 3733 1358 3815 incolumitatemque

280 4057 537 4125 lnaletudinosquae
550 4056 648 4109 Pcorr
710 4069 713 4075 ⁴
748 4055 886 4124 timporio
899 4058 1071 4125 eutecripei:
1085 4057 1255 4124 imperauerit
1268 4061 1292 4110 P

246 4145 278 4198 13
290 4145 372 4198 nesci⁰
385 4145 412 4198 P
490 4157 556 4210 quae
569 4140 624 4195 Sub
705 4141 738 4195 14
749 4141 1037 4210 imperioquaePcorr
1122 4143 1289 4210 quicPcorr

246 4229 279 4283 16
296 4232 344 4284 aut
360 4229 476 4283 tribuere
490 4227 544 4282 aab
647 4227 680 4280 18
697 4227 875 4296 superimponi
888 4226 943 4281 Sao
1043 4227 1077 4281 22
1094 4230 1121 4282 et
1139 4227 1182 4282 dcl
1198 4245 1227 4294 r,
1245 4229 1358 4282 Elmat-

245 4316 362 4370 boreto'as
463 4313 542 4383 enim]
561 4313 642 4367 etiam
660 4313 714 4368 Sub
816 4313 850 4366 26
868 4327 921 4380 qua
937 4313 1034 4382 quibus
1057 4313 1123 4368 Ura.-
1151 4329 1217 4382 quac
1234 4313 1308 4382 quibs
1332 4315 1360 4366 P

247 4399 318 4454 dclr
336 4414 462 4468 quaquos
475 4399 549 4454 Salio
650 4399 684 4454 28
701 4399 781 4453 nonill
796 4399 824 4452 P
923 4399 956 4452 31
969 4386 1359 4468 incolumitatemquaePcorr
