2916 5010
549 511 645 565 nicer
665 511 716 566 111.
1119 515 1179 579 117

82 683 89 770 Ι
114 702 213 748 mares
236 701 271 748 ac
285 681 425 762 feminae,
445 686 498 747 aut
518 683 752 766 insignificatam
767 701 831 749 esse
846 684 992 768 generum
1005 684 1250 749 disiunctio-ser

80 805 161 850 nem.
195 785 263 866 quis
290 787 371 851 enim
398 786 448 850 uel
477 786 579 869 exigui
605 804 710 850 sensus
737 786 836 851 nascit
859 786 1048 852 terrenorum
1068 788 1106 853 ab
1127 787 1182 852 illo

81 889 287 954 animantium
309 887 460 953 conditore
486 888 629 954 nonalia
651 887 688 952 de
712 907 801 953 causa
822 889 940 974 generis
962 889 1073 954 diuersi
1095 907 1185 956 sexus

82 990 243 1055 institutos
265 1008 329 1055 esse
357 991 449 1072 atque
470 986 635 1073 formatos,
666 989 726 1055 nisi
748 995 783 1054 ut
804 1010 858 1073 per
885 991 981 1056 coitus
1003 995 1033 1056 et
1056 991 1184 1057 conubia

58 1109 241 1174 scorporum
269 1111 316 1157 res
348 1093 461 1158 caduca
487 1096 518 1158 et
547 1093 649 1159 labilis
682 1093 879 1158 successionis
909 1096 1070 1178 perpetuae
1096 1095 1184 1158 inno-

81 1196 207 1260 uatione
234 1197 379 1260 duraret?
410 1196 482 1277 qnid
516 1200 610 1279 ergo?
642 1196 776 1261 dicemus
808 1196 878 1260 deos
910 1216 1080 1280 procreare,
1115 1196 1213 1263 deest
1287 1265 1289 1272 ,

80 1299 176 1377 nasci,
200 1297 362 1362 etidcirco
384 1298 432 1362 bis
455 1298 575 1363 additas
598 1299 780 1387 genitalium
798 1298 1003 1363 membrorum
1017 1305 1127 1384 partes,
1149 1301 1186 1365 ut
1294 1347 1296 1355 s

83 1401 221 1466 sufficere
252 1400 368 1484 prolem
401 1402 538 1482 possent,
572 1403 603 1464 et
629 1420 708 1466 noua
734 1419 851 1483 quaque
884 1402 1056 1467 suboriente
1091 1402 1191 1468 fetum

82 1503 229 1585 quicquid
259 1504 342 1586 prior
371 1505 455 1568 aetas
491 1503 667 1568 abstulisset
699 1503 833 1569 recidiua
870 1504 1047 1570 substitutio
1082 1505 1188 1570 subro-

46 1632 73 1669 ιο
81 1599 192 1690 garet?
213 1624 283 1690 crgo
306 1606 332 1670 si
353 1605 426 1671 haec
447 1607 492 1670 ita
514 1608 593 1685 sunt,
617 1607 649 1669 id
671 1608 718 1671 est
732 1607 758 1671 si
775 1607 819 1671 dii
833 1610 991 1688 procreant
1006 1611 1026 1689 †
1041 1607 1143 1690 superi
1156 1609 1188 1672 et

67 1727 174 1796 ¹super
194 1707 250 1772 has
264 1709 346 1792 leges
361 1709 552 1790 experiuntur
567 1728 599 1774 se
614 1728 709 1788 senus,
730 1710 859 1792 suntque
873 1709 1049 1776 inmortales
1063 1729 1117 1774 neo
1132 1710 1188 1774 fri-
1307 1782 1312 1791 ¹

84 1810 210 1895 genibus
232 1810 310 1877 fiunt
332 1813 498 1878 senectutis
520 1812 617 1891 effeti,
645 1813 784 1894 sequitur
805 1815 850 1878 ut'
863 1814 993 1879 debeant
1014 1813 1104 1897 plena
1125 1831 1190 1877 esse

85 1914 146 1979 diis
168 1915 270 1978 omnia
289 1932 385 1997 neque
405 1913 581 1979 innumeros
604 1914 699 1980 caelos
721 1930 823 1979 eorum
839 1933 943 1998 capere
957 1915 1189 1980 multitudinem

84 2034 188 2099 posse,
217 2016 368 2098 siquidem
390 2018 420 2080 et
441 2017 501 2100 ipsi
522 2021 666 2101 perpetuo
696 2021 841 2101 generant
863 2019 894 2082 et
915 2037 969 2101 per
996 2017 1115 2082 suboles
1138 2037 1189 2081 su·

48 2142 76 2179 15
87 2119 195 2184 bolum
216 2118 425 2203 multiplicata
446 2138 563 2202 semper
584 2119 848 2184 innumerabilitas
875 2117 1055 2201 ampliatur:
1089 2123 1143 2184 aut
1165 2120 1191 2184 si

87 2222 260 2286 obscenitas
293 2223 417 2286 coeundi
449 2223 494 2286 ita
520 2226 555 2287 ut
588 2223 674 2288 decet
706 2223 743 2287 ab
774 2222 832 2286 diis
864 2221 964 2300 abest,
999 2240 1075 2303 quae
1102 2240 1192 2286 causa

88 2325 228 2405 ratioque
249 2324 478 2403 monstrabitur,
502 2341 555 2389 cur
576 2325 718 2408 insigniti
732 2324 795 2389 sint
809 2325 856 2389 his
870 2325 954 2407 locis,
977 2324 1087 2406 quibus
1102 2342 1191 2390 sexus
1208 2322 1212 2330 '

89 2446 121 2494 se
154 2426 231 2492 solet
261 2426 424 2492 libidinum
456 2429 644 2509 propriarum
676 2427 930 2492 admonitionibus
959 2430 1192 2511 recognoscere?

88 2549 188 2611 neque
224 2531 304 2594 enim
339 2531 404 2594 ueri
440 2533 485 2594 est
520 2531 634 2608 simile,
668 2529 779 2594 haberi
805 2530 878 2594 haec
909 2529 1023 2594 frustra
1058 2531 1111 2594 aut
1142 2530 1192 2593 in-

51 2659 78 2698 co
88 2632 220 2716 probum
235 2632 267 2694 in
282 2631 346 2696 illis
363 2632 467 2696 lusum
481 2631 584 2698 ludere
598 2631 731 2697 uoluisse
745 2633 896 2710 naturam,
919 2632 955 2697 ut
969 2651 1018 2697 eos
1033 2633 1081 2696 his
1096 2631 1191 2712 parti·

88 2737 148 2800 bus
176 2736 335 2817 aggeraret
362 2734 471 2817 quibus
498 2735 645 2800 utendum
671 2752 730 2799 non
758 2737 847 2799 esset.
881 2736 917 2799 nt
944 2735 1026 2799 enim
1054 2735 1091 2798 ad
1120 2753 1194 2798 usus

90 2840 190 2902 certos
218 2856 325 2902 manus
352 2839 443 2919 pedes
471 2837 550 2902 oculi
582 2841 740 2918 ceteraque
775 2838 957 2902 constructio
989 2839 1195 2902 membromm

93 2959 150 3006 sua
177 2959 310 3023 quaeque
331 2940 364 3004 in
386 2939 484 3006 officia
511 2939 678 3006 constituta
700 2942 760 3016 est,
788 2940 834 3004 ita
862 2940 1001 3005 conuenit
1023 2939 1141 3004 credere
1162 2941 1195 3004 in

91 3043 142 3108 sni
163 3042 296 3109 muneris
318 3043 507 3110 fonctionem
529 3043 717 3125 comparatas
741 3061 805 3109 esse
826 3043 883 3107 has
897 3043 1013 3126 partes:
1037 3045 1091 3107 ant
1106 3041 1196 3108 confi-

761 3149 767 3172 ,
978 3137 982 3152 .

127 3401 143 3453 1
160 3399 291 3454 faeminas
307 3399 334 3452 P
351 3414 413 3452 corr
525 3401 572 3451 aut
589 3398 686 3452 addim
797 3397 1002 3466 insignificctam
1019 3399 1132 3466 acriam:
1158 3385 1199 3452 in·

92 3486 244 3556 significata
262 3485 289 3540 Ρ
313 3487 343 3540 us
360 3485 511 3554 significata
531 3486 585 3540 sao
610 3463 740 3554 insignita
762 3486 813 3540 ors
947 3486 1012 3564 aas]
1030 3475 1133 3540 osseo

93 3572 297 3626 disiunctionem
314 3571 424 3638 scripsi:
443 3569 618 3624 disiunctione
635 3571 663 3624 P
680 3569 850 3624 distinctione
873 3571 925 3625 Urs
1050 3571 1067 3624 2
1084 3571 1157 3624 nesci
1174 3570 1202 3624 P

91 3675 156 3714 corr
173 3665 196 3713 c‘
298 3659 315 3712 8
333 3671 435 3726 quaque
452 3657 603 3710 suboriente
626 3639 691 3712 cit.-
713 3671 804 3726 quaeq;
827 3661 891 3713 sunt
908 3659 1009 3713 oriente
1027 3657 1054 3712 P
1075 3657 1202 3727 (quaeque

91 3745 167 3812 sunt)
186 3743 285 3797 oriente
302 3743 339 3798 cic
357 3743 413 3798 Sub
524 3741 672 3796 9recidiba
689 3744 717 3797 P
732 3759 794 3797 corr
850 3769 851 3772 ¹
906 3743 939 3798 10
954 3760 990 3812 sq.
1011 3743 1049 3813 [id
1064 3747 1105 3797 est
1122 3743 1146 3795 si
1164 3742 1203 3796 dii

91 3831 239 3900 procreant]
253 3830 340 3898 superi
352 3833 379 3883 et
391 3830 485 3899 [snper]
498 3829 547 3882 has
558 3829 629 3898 leges
641 3830 810 3898 experiuntur
821 3845 897 3884 sexus
908 3830 1024 3884 Ziabtaa
1097 3829 1202 3898 [superi]

92 3919 122 3970 et
140 3917 226 3985 siper
244 3916 292 3969 has
311 3917 366 3982 (uel
383 3915 523 3984 humanos)
548 3915 620 3982 leges
638 3907 779 3982 pariuntur
796 3931 871 3968 sexus
894 3915 909 3969 ,9
1026 3916 1060 3968 11
1077 3915 1161 3982 super]
1180 3914 1204 3967 si

91 4017 142 4072 per
162 4000 211 4055 (aiei
313 4001 345 4068 12
363 3999 473 4054 debeant
491 4000 560 4055 Sub:
577 3999 670 4053 debeat
681 3998 708 4053 P
808 4001 840 4054 14
856 4000 910 4070 ipsi
923 4000 988 4054 eea.-
1003 3999 1057 4070 ipsi
1074 4001 1098 4053 si
1110 3999 1137 4054 P

93 4087 129 4141 16
146 4086 279 4140 obsonitus
297 4085 325 4140 P
430 4087 462 4140 18
479 4085 565 4139 solent
584 4085 638 4140 Sub
741 4087 776 4142 19
792 4085 931 4164 inprobum
947 4085 1203 4154 Harenatiuminprc·

92 4171 159 4226 uida
170 4173 198 4226 P
206 4171 437 4241 improuidentiam
451 4171 505 4226 Sub
521 4171 714 4240 prouidentiam
727 4172 867 4226 Mcwrcias
878 4171 1050 4240 improuidam
1062 4170 1139 4226 Salac

94 4257 240 4315 201usum
256 4257 413 4326 Huupta'as:
441 4273 515 4311 suam
532 4257 560 4310 P
583 4273 662 4312 euaue
680 4257 757 4313 sum
889 4257 923 4310 21
947 4260 1016 4312 essct
1038 4243 1143 4312 Ursr‘e
1160 4258 1206 4312 sed

94 4343 124 4398 P
149 4347 197 4401 cst.
215 4343 261 4398 sed
279 4343 334 4398 Sub
364 4345 405 4398 est
423 4343 498 4398 Scim
621 4343 655 4396 24
672 4342 833 4400 fimctioncm
851 4341 920 4398 Sub:
944 4341 1095 4397 finctionem
1112 4343 1141 4397 P

95 4428 275 4484 confitendum
294 4429 359 4484 Gal.-
377 4428 557 4484 confidendum
575 4429 591 4482 1
