<?xml version="1.0" encoding="UTF-8"?>
<!DOCTYPE html PUBLIC "-//W3C//DTD XHTML 1.0 Transitional//EN"
    "http://www.w3.org/TR/xhtml1/DTD/xhtml1-transitional.dtd">
<html xmlns="http://www.w3.org/1999/xhtml" xml:lang="en" lang="en">
 <head>
  <title>
</title>
<meta http-equiv="Content-Type" content="text/html;charset=utf-8" />
  <meta name='ocr-system' content='tesseract 3.04.00' />
  <meta name='ocr-capabilities' content='ocr_page ocr_carea ocr_par ocr_line ocrx_word'/>
</head>
<body>
  <div class='ocr_page' id='page_1' title='image "./corpusscriptoru09wissgoog_0205.png"; bbox 0 0 2916 5010; ppageno 0'>
   <div class='ocr_carea' id='block_1_1' title="bbox 246 471 1043 542">
    <p class='ocr_par' dir='ltr' id='par_1_1' title="bbox 246 471 1043 542">
     <span class='ocr_line' id='line_1_1' title="bbox 246 471 1043 542; baseline -0.005 -14"><span class='ocrx_word' id='word_1_1' title='bbox 246 475 305 542; x_wconf 82' lang='grc'><strong>168</strong></span> <span class='ocrx_word' id='word_1_2' title='bbox 546 471 688 527; x_wconf 77' lang='lat' dir='ltr'><strong>Arnobii</strong></span> <span class='ocrx_word' id='word_1_3' title='bbox 708 472 865 527; x_wconf 74' lang='lat' dir='ltr'><strong>aduersus</strong></span> <span class='ocrx_word' id='word_1_4' title='bbox 887 471 1043 526; x_wconf 81' lang='lat' dir='ltr'><strong>nationes</strong></span> 
     </span>
    </p>
   </div>
   <div class='ocr_carea' id='block_1_2' title="bbox 158 643 1393 3614">
    <p class='ocr_par' dir='ltr' id='par_1_2' title="bbox 158 643 1393 3614">
     <span class='ocr_line' id='line_1_2' title="bbox 242 643 1361 727; baseline -0.003 -17"><span class='ocrx_word' id='word_1_5' title='bbox 242 663 329 710; x_wconf 90' lang='lat' dir='ltr'><strong>mum</strong></span> <span class='ocrx_word' id='word_1_6' title='bbox 350 643 461 710; x_wconf 88' lang='lat' dir='ltr'><strong>fidibus</strong></span> <span class='ocrx_word' id='word_1_7' title='bbox 482 643 514 708; x_wconf 91' lang='lat' dir='ltr'><strong>et</strong></span> <span class='ocrx_word' id='word_1_8' title='bbox 535 661 645 710; x_wconf 90' lang='lat' dir='ltr'><strong>uocum</strong></span> <span class='ocrx_word' id='word_1_9' title='bbox 667 643 875 709; x_wconf 81' lang='lat' dir='ltr'><strong>modulatione</strong></span> <span class='ocrx_word' id='word_1_10' title='bbox 897 643 1036 710; x_wconf 76' lang='lat' dir='ltr'>mulceri.</span> <span class='ocrx_word' id='word_1_11' title='bbox 1059 661 1114 710; x_wconf 91' lang='lat' dir='ltr'><strong>uos</strong></span> <span class='ocrx_word' id='word_1_12' title='bbox 1129 662 1218 710; x_wconf 87' lang='lat' dir='ltr'><strong>aures</strong></span> <span class='ocrx_word' id='word_1_13' title='bbox 1232 645 1361 727; x_wconf 89' lang='lat' dir='ltr'><strong>patien-</strong></span> 
     </span>
     <span class='ocr_line' id='line_1_3' title="bbox 241 745 1361 831; baseline -0.002 -19"><span class='ocrx_word' id='word_1_14' title='bbox 241 748 378 813; x_wconf 87' lang='lat' dir='ltr'><strong>tissimas</strong></span> <span class='ocrx_word' id='word_1_15' title='bbox 409 745 610 814; x_wconf 86' lang='lat' dir='ltr'><strong>commodatis</strong></span> <span class='ocrx_word' id='word_1_16' title='bbox 642 766 697 814; x_wconf 90' lang='lat' dir='ltr'><strong>nec</strong></span> <span class='ocrx_word' id='word_1_17' title='bbox 728 747 873 812; x_wconf 88' lang='lat' dir='ltr'><strong>iudicatis</strong></span> <span class='ocrx_word' id='word_1_18' title='bbox 904 747 1069 831; x_wconf 80' lang='lat' dir='ltr'><strong>indignum</strong></span> <span class='ocrx_word' id='word_1_19' title='bbox 1101 747 1278 829; x_wconf 88' lang='lat' dir='ltr'><strong>uoluptates</strong></span> <span class='ocrx_word' id='word_1_20' title='bbox 1306 749 1361 812; x_wconf 87' lang='lat' dir='ltr'><strong>at-</strong></span> 
     </span>
     <span class='ocr_line' id='line_1_4' title="bbox 158 849 1361 932; baseline -0.001 -16"><span class='ocrx_word' id='word_1_21' title='bbox 158 885 160 894; x_wconf 61' lang='lat'>&lt;</span> <span class='ocrx_word' id='word_1_22' title='bbox 242 851 337 916; x_wconf 85' lang='lat' dir='ltr'><strong>tribui</strong></span> <span class='ocrx_word' id='word_1_23' title='bbox 360 850 419 916; x_wconf 92' lang='lat' dir='ltr'><strong>diis</strong></span> <span class='ocrx_word' id='word_1_24' title='bbox 441 868 492 916; x_wconf 88' lang='lat' dir='ltr'><strong>eas</strong></span> <span class='ocrx_word' id='word_1_25' title='bbox 513 850 624 932; x_wconf 88' lang='lat' dir='ltr'><strong>quibus</strong></span> <span class='ocrx_word' id='word_1_26' title='bbox 646 867 771 932; x_wconf 87' lang='lat' dir='ltr'><strong>corpora</strong></span> <span class='ocrx_word' id='word_1_27' title='bbox 792 850 913 915; x_wconf 69' lang='lat' dir='ltr'><strong>briena</strong></span> <span class='ocrx_word' id='word_1_28' title='bbox 939 849 1111 915; x_wconf 87' lang='lat' dir='ltr'><strong>fulciuntur</strong></span> <span class='ocrx_word' id='word_1_29' title='bbox 1126 853 1157 922; x_wconf 86' lang='lat' dir='ltr'><strong>et</strong></span> <span class='ocrx_word' id='word_1_30' title='bbox 1174 867 1249 932; x_wconf 89' lang='lat' dir='ltr'><strong>quas</strong></span> <span class='ocrx_word' id='word_1_31' title='bbox 1266 869 1361 915; x_wconf 89' lang='lat' dir='ltr'><strong>aures</strong></span> 
     </span>
     <span class='ocr_line' id='line_1_5' title="bbox 242 951 1362 1036; baseline -0.002 -16"><span class='ocrx_word' id='word_1_32' title='bbox 242 955 386 1036; x_wconf 86' lang='lat' dir='ltr'><strong>expetunt</strong></span> <span class='ocrx_word' id='word_1_33' title='bbox 415 953 555 1018; x_wconf 87' lang='lat' dir='ltr'><strong>eneruati</strong></span> <span class='ocrx_word' id='word_1_34' title='bbox 583 953 717 1036; x_wconf 87' lang='lat' dir='ltr'><strong>pectoris</strong></span> <span class='ocrx_word' id='word_1_35' title='bbox 748 953 948 1019; x_wconf 76' lang='lat' dir='ltr'>dissolutione</span> <span class='ocrx_word' id='word_1_36' title='bbox 978 951 1127 1017; x_wconf 88' lang='lat' dir='ltr'><strong>mollitae.</strong></span> <span class='ocrx_word' id='word_1_37' title='bbox 1164 952 1362 1018; x_wconf 88' lang='lat' dir='ltr'><strong>inducuntur</strong></span> 
     </span>
     <span class='ocr_line' id='line_1_6' title="bbox 241 1055 1391 1133; baseline -0.003 -13"><span class='ocrx_word' id='word_1_38' title='bbox 241 1074 276 1120; x_wconf 88' lang='lat' dir='ltr'><strong>ex</strong></span> <span class='ocrx_word' id='word_1_39' title='bbox 297 1056 345 1120; x_wconf 91' lang='lat' dir='ltr'><strong>his</strong></span> <span class='ocrx_word' id='word_1_40' title='bbox 367 1055 421 1120; x_wconf 90' lang='lat' dir='ltr'><strong>alii</strong></span> <span class='ocrx_word' id='word_1_41' title='bbox 444 1058 613 1133; x_wconf 90' lang='lat' dir='ltr'><strong>amatores,</strong></span> <span class='ocrx_word' id='word_1_42' title='bbox 636 1055 770 1122; x_wconf 74' lang='lat' dir='ltr'>adulteri</span> <span class='ocrx_word' id='word_1_43' title='bbox 792 1056 944 1122; x_wconf 65' lang='lat' dir='ltr'><strong>castitatis</strong></span> <span class='ocrx_word' id='word_1_44' title='bbox 967 1075 1022 1122; x_wconf 89' lang='lat' dir='ltr'><strong>nec</strong></span> <span class='ocrx_word' id='word_1_45' title='bbox 1044 1075 1116 1121; x_wconf 90' lang='lat' dir='ltr'><strong>cum</strong></span> <span class='ocrx_word' id='word_1_46' title='bbox 1136 1055 1262 1120; x_wconf 87' lang='lat' dir='ltr'><strong>feminis</strong></span> <span class='ocrx_word' id='word_1_47' title='bbox 1284 1057 1391 1121; x_wconf 78' lang='lat' dir='ltr'><strong>tan-⁵</strong></span> 
     </span>
     <span class='ocr_line' id='line_1_7' title="bbox 241 1157 1362 1244; baseline 0 -20"><span class='ocrx_word' id='word_1_48' title='bbox 241 1160 307 1224; x_wconf 91' lang='lat' dir='ltr'><strong>tum</strong></span> <span class='ocrx_word' id='word_1_49' title='bbox 341 1158 394 1224; x_wconf 91' lang='lat' dir='ltr'><strong>sed</strong></span> <span class='ocrx_word' id='word_1_50' title='bbox 422 1176 492 1223; x_wconf 90' lang='lat' dir='ltr'><strong>cum</strong></span> <span class='ocrx_word' id='word_1_51' title='bbox 519 1157 595 1222; x_wconf 88' lang='lat' dir='ltr'><strong>uiris</strong></span> <span class='ocrx_word' id='word_1_52' title='bbox 623 1157 716 1222; x_wconf 87' lang='lat' dir='ltr'><strong>etiam</strong></span> <span class='ocrx_word' id='word_1_53' title='bbox 743 1159 940 1240; x_wconf 90' lang='lat' dir='ltr'><strong>propudiosos</strong></span> <span class='ocrx_word' id='word_1_54' title='bbox 966 1157 1195 1244; x_wconf 85' lang='lat' dir='ltr'><strong>flagitiososque</strong></span> <span class='ocrx_word' id='word_1_55' title='bbox 1227 1159 1362 1226; x_wconf 86' lang='lat' dir='ltr'><strong>miscere</strong></span> 
     </span>
     <span class='ocr_line' id='line_1_8' title="bbox 170 1259 1361 1345; baseline 0.005 -24"><span class='ocrx_word' id='word_1_56' title='bbox 170 1260 430 1327; x_wconf 75' lang='lat' dir='ltr'><strong>asomncubitus.</strong></span> <span class='ocrx_word' id='word_1_57' title='bbox 464 1259 553 1325; x_wconf 87' lang='lat' dir='ltr'><strong>uobis</strong></span> <span class='ocrx_word' id='word_1_58' title='bbox 584 1259 670 1325; x_wconf 91' lang='lat' dir='ltr'><strong>nulla</strong></span> <span class='ocrx_word' id='word_1_59' title='bbox 698 1263 744 1326; x_wconf 89' lang='lat' dir='ltr'><strong>est</strong></span> <span class='ocrx_word' id='word_1_60' title='bbox 766 1279 847 1340; x_wconf 88' lang='lat' dir='ltr'><strong>cure,</strong></span> <span class='ocrx_word' id='word_1_61' title='bbox 873 1263 877 1345; x_wconf 74' lang='lat' dir='ltr'><strong>l</strong></span> <span class='ocrx_word' id='word_1_62' title='bbox 904 1261 978 1344; x_wconf 90' lang='lat' dir='ltr'><strong>quid</strong></span> <span class='ocrx_word' id='word_1_63' title='bbox 1004 1280 1095 1345; x_wconf 87' lang='lat' dir='ltr'><strong>super</strong></span> <span class='ocrx_word' id='word_1_64' title='bbox 1121 1262 1212 1328; x_wconf 89' lang='lat' dir='ltr'><strong>rebus</strong></span> <span class='ocrx_word' id='word_1_65' title='bbox 1235 1262 1361 1328; x_wconf 85' lang='lat' dir='ltr'><strong>dicatur</strong></span> 
     </span>
     <span class='ocr_line' id='line_1_9' title="bbox 240 1361 1362 1448; baseline 0 -19"><span class='ocrx_word' id='word_1_66' title='bbox 240 1363 350 1441; x_wconf 88' lang='lat' dir='ltr'><strong>tantis,</strong></span> <span class='ocrx_word' id='word_1_67' title='bbox 386 1381 484 1445; x_wconf 88' lang='lat' dir='ltr'><strong>neque</strong></span> <span class='ocrx_word' id='word_1_68' title='bbox 516 1361 580 1427; x_wconf 92' lang='lat' dir='ltr'><strong>ullo</strong></span> <span class='ocrx_word' id='word_1_69' title='bbox 612 1363 724 1428; x_wconf 89' lang='lat' dir='ltr'><strong>saltem</strong></span> <span class='ocrx_word' id='word_1_70' title='bbox 760 1363 974 1448; x_wconf 75' lang='lat' dir='ltr'><strong>castigationis</strong></span> <span class='ocrx_word' id='word_1_71' title='bbox 1010 1365 1096 1429; x_wconf 88' lang='lat' dir='ltr'><strong>metu</strong></span> <span class='ocrx_word' id='word_1_72' title='bbox 1128 1365 1362 1430; x_wconf 83' lang='lat' dir='ltr'><strong>luxuriantium</strong></span> 
     </span>
     <span class='ocr_line' id='line_1_10' title="bbox 166 1465 1361 1552; baseline 0.001 -20"><span class='ocrx_word' id='word_1_73' title='bbox 166 1473 170 1493; x_wconf 81' lang='lat'><em>&#39;</em></span> <span class='ocrx_word' id='word_1_74' title='bbox 240 1468 417 1533; x_wconf 86' lang='lat' dir='ltr'><strong>litterarum</strong></span> <span class='ocrx_word' id='word_1_75' title='bbox 439 1465 583 1531; x_wconf 75' lang='lat' dir='ltr'><strong>mereatis</strong></span> <span class='ocrx_word' id='word_1_76' title='bbox 605 1465 775 1545; x_wconf 84' lang='lat' dir='ltr'><strong>audaciam.</strong></span> <span class='ocrx_word' id='word_1_77' title='bbox 809 1484 863 1549; x_wconf 91' lang='lat' dir='ltr'><strong>per</strong></span> <span class='ocrx_word' id='word_1_78' title='bbox 877 1467 1019 1550; x_wconf 89' lang='lat' dir='ltr'><strong>insanias,</strong></span> <span class='ocrx_word' id='word_1_79' title='bbox 1042 1486 1096 1552; x_wconf 92' lang='lat' dir='ltr'><strong>per</strong></span> <span class='ocrx_word' id='word_1_80' title='bbox 1111 1467 1228 1533; x_wconf 86' lang='lat' dir='ltr'><strong>furores</strong></span> <span class='ocrx_word' id='word_1_81' title='bbox 1248 1468 1361 1534; x_wconf 91' lang='lat' dir='ltr'><strong>orbare</strong></span> 
     </span>
     <span class='ocr_line' id='line_1_11' title="bbox 240 1568 1390 1655; baseline 0.001 -19"><span class='ocrx_word' id='word_1_82' title='bbox 240 1569 295 1636; x_wconf 82' lang='lat' dir='ltr'><strong>alii</strong></span> <span class='ocrx_word' id='word_1_83' title='bbox 316 1587 348 1634; x_wconf 91' lang='lat' dir='ltr'><strong>se</strong></span> <span class='ocrx_word' id='word_1_84' title='bbox 370 1572 401 1634; x_wconf 85' lang='lat' dir='ltr'><strong>st</strong></span> <span class='ocrx_word' id='word_1_85' title='bbox 423 1569 581 1650; x_wconf 85' lang='lat' dir='ltr'><strong>tamquam</strong></span> <span class='ocrx_word' id='word_1_86' title='bbox 602 1568 709 1634; x_wconf 92' lang='lat' dir='ltr'><strong>hostili</strong></span> <span class='ocrx_word' id='word_1_87' title='bbox 731 1568 768 1634; x_wconf 92' lang='lat' dir='ltr'><strong>de</strong></span> <span class='ocrx_word' id='word_1_88' title='bbox 782 1568 932 1652; x_wconf 84' lang='lat' dir='ltr'><strong>sanguine</strong></span> <span class='ocrx_word' id='word_1_89' title='bbox 947 1569 993 1634; x_wconf 88' lang='lat' dir='ltr'><strong>ita</strong></span> <span class='ocrx_word' id='word_1_90' title='bbox 1008 1589 1040 1635; x_wconf 90' lang='lat' dir='ltr'><strong>se</strong></span> <span class='ocrx_word' id='word_1_91' title='bbox 1054 1571 1175 1654; x_wconf 89' lang='lat' dir='ltr'><strong>proprio</strong></span> <span class='ocrx_word' id='word_1_92' title='bbox 1190 1573 1390 1655; x_wconf 76' lang='lat' dir='ltr'><strong>parricidium</strong></span> 
     </span>
     <span class='ocr_line' id='line_1_12' title="bbox 241 1670 1360 1764; baseline 0.003 -26"><span class='ocrx_word' id='word_1_93' title='bbox 241 1672 412 1738; x_wconf 76' lang='lat' dir='ltr'><strong>cruentare:</strong></span> <span class='ocrx_word' id='word_1_94' title='bbox 446 1670 607 1755; x_wconf 84' lang='lat' dir='ltr'><strong>sacrilegia</strong></span> <span class='ocrx_word' id='word_1_95' title='bbox 638 1688 693 1736; x_wconf 91' lang='lat' dir='ltr'><strong>uos</strong></span> <span class='ocrx_word' id='word_1_96' title='bbox 721 1671 778 1736; x_wconf 92' lang='lat' dir='ltr'><strong>illa</strong></span> <span class='ocrx_word' id='word_1_97' title='bbox 802 1671 958 1737; x_wconf 89' lang='lat' dir='ltr'><strong>miremini</strong></span> <span class='ocrx_word' id='word_1_98' title='bbox 991 1673 1073 1737; x_wconf 85' lang='lat' dir='ltr'><strong>elata</strong></span> <span class='ocrx_word' id='word_1_99' title='bbox 1099 1673 1293 1764; x_wconf 74' lang='lat' dir='ltr'><strong>sublimiter,</strong></span> <span class='ocrx_word' id='word_1_100' title='bbox 1326 1678 1360 1741; x_wconf 90' lang='lat' dir='ltr'><strong>et</strong></span> 
     </span>
     <span class='ocr_line' id='line_1_13' title="bbox 240 1773 1358 1858; baseline 0.002 -18"><span class='ocrx_word' id='word_1_101' title='bbox 240 1777 320 1858; x_wconf 89' lang='lat' dir='ltr'><strong>qnod</strong></span> <span class='ocrx_word' id='word_1_102' title='bbox 341 1773 446 1857; x_wconf 91' lang='lat' dir='ltr'><strong>poenis</strong></span> <span class='ocrx_word' id='word_1_103' title='bbox 467 1774 608 1840; x_wconf 92' lang='lat' dir='ltr'><strong>omnibus</strong></span> <span class='ocrx_word' id='word_1_104' title='bbox 630 1775 830 1841; x_wconf 86' lang='lat' dir='ltr'><strong>conueniebat</strong></span> <span class='ocrx_word' id='word_1_105' title='bbox 851 1775 956 1856; x_wconf 86' lang='lat' dir='ltr'><strong>plecti,</strong></span> <span class='ocrx_word' id='word_1_106' title='bbox 979 1780 1015 1840; x_wconf 90' lang='lat' dir='ltr'><strong>ut</strong></span> <span class='ocrx_word' id='word_1_107' title='bbox 1037 1775 1206 1842; x_wconf 82' lang='lat' dir='ltr'><strong>animosius</strong></span> <span class='ocrx_word' id='word_1_108' title='bbox 1229 1795 1358 1842; x_wconf 89' lang='lat' dir='ltr'><strong>consur·</strong></span> 
     </span>
     <span class='ocr_line' id='line_1_14' title="bbox 241 1868 1370 1963; baseline 0.002 -19"><span class='ocrx_word' id='word_1_109' title='bbox 241 1880 295 1963; x_wconf 86' lang='lat' dir='ltr'><strong>gat</strong></span> <span class='ocrx_word' id='word_1_110' title='bbox 316 1878 456 1956; x_wconf 85' lang='lat' dir='ltr'><strong>audacia,</strong></span> <span class='ocrx_word' id='word_1_111' title='bbox 478 1878 640 1952; x_wconf 72' lang='lat' dir='ltr'><strong>‚incentiuo</strong></span> <span class='ocrx_word' id='word_1_112' title='bbox 670 1878 818 1943; x_wconf 83' lang='lat' dir='ltr'><strong>extollitis</strong></span> <span class='ocrx_word' id='word_1_113' title='bbox 847 1877 956 1942; x_wconf 90' lang='lat' dir='ltr'><strong>laudis.</strong></span> <span class='ocrx_word' id='word_1_114' title='bbox 990 1878 1039 1944; x_wconf 93' lang='lat' dir='ltr'><strong>illi</strong></span> <span class='ocrx_word' id='word_1_115' title='bbox 1061 1879 1189 1944; x_wconf 86' lang='lat' dir='ltr'><strong>uulnere</strong></span> <span class='ocrx_word' id='word_1_116' title='bbox 1211 1868 1370 1946; x_wconf 84' lang='lat' dir='ltr'><strong>orbitatis</strong></span> 
     </span>
     <span class='ocr_line' id='line_1_15' title="bbox 241 1980 1357 2066; baseline 0.004 -20"><span class='ocrx_word' id='word_1_117' title='bbox 241 1982 395 2066; x_wconf 79' lang='lat' dir='ltr'><strong>ingemere</strong></span> <span class='ocrx_word' id='word_1_118' title='bbox 417 1982 449 2047; x_wconf 94' lang='lat' dir='ltr'><strong>et</strong></span> <span class='ocrx_word' id='word_1_119' title='bbox 471 2001 541 2046; x_wconf 91' lang='lat' dir='ltr'><strong>cum</strong></span> <span class='ocrx_word' id='word_1_120' title='bbox 563 1980 752 2046; x_wconf 90' lang='lat' dir='ltr'><strong>heiulatibus</strong></span> <span class='ocrx_word' id='word_1_121' title='bbox 778 1980 929 2046; x_wconf 82' lang='lat' dir='ltr'><strong>indecoris</strong></span> <span class='ocrx_word' id='word_1_122' title='bbox 951 1980 1017 2047; x_wconf 84' lang='lat' dir='ltr'><strong>fata</strong></span> <span class='ocrx_word' id='word_1_123' title='bbox 1037 1983 1177 2048; x_wconf 86' lang='lat' dir='ltr'><strong>incusare</strong></span> <span class='ocrx_word' id='word_1_124' title='bbox 1199 1983 1357 2050; x_wconf 84' lang='lat' dir='ltr'><strong>crudelia:</strong></span> 
     </span>
     <span class='ocr_line' id='line_1_16' title="bbox 240 2084 1390 2170; baseline 0 -23"><span class='ocrx_word' id='word_1_125' title='bbox 240 2101 295 2148; x_wconf 91' lang='lat' dir='ltr'><strong>uos</strong></span> <span class='ocrx_word' id='word_1_126' title='bbox 318 2084 448 2165; x_wconf 84' lang='lat' dir='ltr'><strong>stupetis</strong></span> <span class='ocrx_word' id='word_1_127' title='bbox 470 2085 660 2166; x_wconf 87' lang='lat' dir='ltr'><strong>eloquentiae</strong></span> <span class='ocrx_word' id='word_1_128' title='bbox 682 2084 811 2162; x_wconf 88' lang='lat' dir='ltr'><strong>uiribus,</strong></span> <span class='ocrx_word' id='word_1_129' title='bbox 826 2085 866 2148; x_wconf 83' lang='lat' dir='ltr'><strong>et</strong></span> <span class='ocrx_word' id='word_1_130' title='bbox 888 2085 968 2166; x_wconf 90' lang='lat' dir='ltr'><strong>quod</strong></span> <span class='ocrx_word' id='word_1_131' title='bbox 990 2085 1113 2167; x_wconf 89' lang='lat' dir='ltr'><strong>penitus</strong></span> <span class='ocrx_word' id='word_1_132' title='bbox 1135 2087 1299 2170; x_wconf 88' lang='lat' dir='ltr'><strong>oportebat</strong></span> <span class='ocrx_word' id='word_1_133' title='bbox 1321 2106 1390 2152; x_wconf 81' lang='lat' dir='ltr'><strong>exn</strong></span> 
     </span>
     <span class='ocr_line' id='line_1_17' title="bbox 241 2185 1359 2270; baseline 0.005 -20"><span class='ocrx_word' id='word_1_134' title='bbox 241 2185 368 2252; x_wconf 88' lang='lat' dir='ltr'><strong>humani</strong></span> <span class='ocrx_word' id='word_1_135' title='bbox 394 2187 513 2270; x_wconf 85' lang='lat' dir='ltr'><strong>generis</strong></span> <span class='ocrx_word' id='word_1_136' title='bbox 535 2189 556 2268; x_wconf 90' lang='lat'>†</span> <span class='ocrx_word' id='word_1_137' title='bbox 578 2187 692 2253; x_wconf 89' lang='lat' dir='ltr'><strong>coalitu</strong></span> <span class='ocrx_word' id='word_1_138' title='bbox 721 2187 808 2265; x_wconf 91' lang='lat' dir='ltr'><strong>tolli,</strong></span> <span class='ocrx_word' id='word_1_139' title='bbox 844 2188 1039 2270; x_wconf 85' lang='lat' dir='ltr'><strong>percensetis,</strong></span> <span class='ocrx_word' id='word_1_140' title='bbox 1076 2189 1211 2254; x_wconf 87' lang='lat' dir='ltr'><strong>ediscitis</strong></span> <span class='ocrx_word' id='word_1_141' title='bbox 1247 2209 1284 2256; x_wconf 88' lang='lat' dir='ltr'><strong>ac</strong></span> <span class='ocrx_word' id='word_1_142' title='bbox 1317 2210 1359 2256; x_wconf 90' lang='lat' dir='ltr'><strong>ne</strong></span> 
     </span>
     <span class='ocr_line' id='line_1_18' title="bbox 241 2285 1360 2373; baseline 0.005 -20"><span class='ocrx_word' id='word_1_143' title='bbox 241 2285 306 2354; x_wconf 90' lang='lat' dir='ltr'><strong>ulla</strong></span> <span class='ocrx_word' id='word_1_144' title='bbox 326 2288 492 2354; x_wconf 87' lang='lat' dir='ltr'><strong>intercidat</strong></span> <span class='ocrx_word' id='word_1_145' title='bbox 513 2289 666 2356; x_wconf 89' lang='lat' dir='ltr'><strong>obliuione</strong></span> <span class='ocrx_word' id='word_1_146' title='bbox 688 2288 813 2354; x_wconf 85' lang='lat' dir='ltr'><strong>curatis.</strong></span> <span class='ocrx_word' id='word_1_147' title='bbox 844 2289 1010 2373; x_wconf 86' lang='lat' dir='ltr'><strong>uulnerari,</strong></span> <span class='ocrx_word' id='word_1_148' title='bbox 1032 2292 1146 2370; x_wconf 84' lang='lat' dir='ltr'><strong>uexari,</strong></span> <span class='ocrx_word' id='word_1_149' title='bbox 1168 2291 1253 2357; x_wconf 89' lang='lat' dir='ltr'><strong>bella</strong></span> <span class='ocrx_word' id='word_1_150' title='bbox 1275 2295 1360 2359; x_wconf 87' lang='lat' dir='ltr'><strong>inter</strong></span> 
     </span>
     <span class='ocr_line' id='line_1_19' title="bbox 241 2392 1360 2476; baseline 0.004 -19"><span class='ocrx_word' id='word_1_151' title='bbox 241 2411 274 2458; x_wconf 90' lang='lat' dir='ltr'><strong>se</strong></span> <span class='ocrx_word' id='word_1_152' title='bbox 296 2411 400 2476; x_wconf 85' lang='lat' dir='ltr'><strong>gerere</strong></span> <span class='ocrx_word' id='word_1_153' title='bbox 422 2392 581 2457; x_wconf 83' lang='lat' dir='ltr'><strong>furialium</strong></span> <span class='ocrx_word' id='word_1_154' title='bbox 597 2393 806 2458; x_wconf 87' lang='lat' dir='ltr'><strong>memorantur</strong></span> <span class='ocrx_word' id='word_1_155' title='bbox 822 2393 928 2470; x_wconf 82' lang='lat' dir='ltr'><strong>ardore</strong></span> <span class='ocrx_word' id='word_1_156' title='bbox 942 2395 1170 2460; x_wconf 89' lang='lat' dir='ltr'><strong>discriminum:</strong></span> <span class='ocrx_word' id='word_1_157' title='bbox 1194 2397 1284 2461; x_wconf 92' lang='lat' dir='ltr'><strong>uobis</strong></span> <span class='ocrx_word' id='word_1_158' title='bbox 1300 2398 1360 2462; x_wconf 85' lang='lat' dir='ltr'><strong>illa</strong></span> 
     </span>
     <span class='ocr_line' id='line_1_20' title="bbox 241 2495 1360 2579; baseline 0.004 -19"><span class='ocrx_word' id='word_1_159' title='bbox 241 2495 289 2560; x_wconf 91' lang='lat' dir='ltr'><strong>est</strong></span> <span class='ocrx_word' id='word_1_160' title='bbox 309 2495 472 2577; x_wconf 88' lang='lat' dir='ltr'><strong>descriptio</strong></span> <span class='ocrx_word' id='word_1_161' title='bbox 494 2495 660 2576; x_wconf 88' lang='lat' dir='ltr'><strong>uoluptati,</strong></span> <span class='ocrx_word' id='word_1_162' title='bbox 683 2496 775 2578; x_wconf 87' lang='lat' dir='ltr'><strong>atque</strong></span> <span class='ocrx_word' id='word_1_163' title='bbox 796 2498 832 2561; x_wconf 92' lang='lat' dir='ltr'><strong>ut</strong></span> <span class='ocrx_word' id='word_1_164' title='bbox 847 2497 1030 2579; x_wconf 88' lang='lat' dir='ltr'><strong>scriptorum</strong></span> <span class='ocrx_word' id='word_1_165' title='bbox 1046 2499 1167 2564; x_wconf 87' lang='lat' dir='ltr'><strong>tantem</strong></span> <span class='ocrx_word' id='word_1_166' title='bbox 1182 2499 1360 2566; x_wconf 82' lang='lat' dir='ltr'><strong>defendatis</strong></span> 
     </span>
     <span class='ocr_line' id='line_1_21' title="bbox 242 2598 1393 2682; baseline 0.005 -20"><span class='ocrx_word' id='word_1_167' title='bbox 242 2598 411 2677; x_wconf 85' lang='lat' dir='ltr'><strong>audaciam,</strong></span> <span class='ocrx_word' id='word_1_168' title='bbox 435 2599 597 2682; x_wconf 83' lang='lat' dir='ltr'><strong>allegorias</strong></span> <span class='ocrx_word' id='word_1_169' title='bbox 620 2619 668 2666; x_wconf 87' lang='lat' dir='ltr'><strong>res</strong></span> <span class='ocrx_word' id='word_1_170' title='bbox 690 2600 763 2666; x_wconf 86' lang='lat' dir='ltr'><strong>illas</strong></span> <span class='ocrx_word' id='word_1_171' title='bbox 786 2601 817 2664; x_wconf 92' lang='lat' dir='ltr'><strong>et</strong></span> <span class='ocrx_word' id='word_1_172' title='bbox 840 2601 990 2667; x_wconf 87' lang='lat' dir='ltr'><strong>naturalis</strong></span> <span class='ocrx_word' id='word_1_173' title='bbox 1012 2602 1158 2668; x_wconf 89' lang='lat' dir='ltr'><strong>scientiae</strong></span> <span class='ocrx_word' id='word_1_174' title='bbox 1173 2604 1393 2668; x_wconf 75' lang='lat' dir='ltr'><strong>mentiminio</strong></span> 
     </span>
     <span class='ocr_line' id='line_1_22' title="bbox 193 2702 1359 2788; baseline 0.002 -20"><span class='ocrx_word' id='word_1_175' title='bbox 193 2705 308 2768; x_wconf 71' lang='lat' dir='ltr'><strong>ilssss</strong></span> <span class='ocrx_word' id='word_1_176' title='bbox 329 2702 493 2767; x_wconf 87' lang='lat' dir='ltr'><strong>doctrinas.</strong></span> <span class='ocrx_word' id='word_1_177' title='bbox 523 2705 576 2767; x_wconf 92' lang='lat' dir='ltr'><strong>sed</strong></span> <span class='ocrx_word' id='word_1_178' title='bbox 598 2703 671 2784; x_wconf 89' lang='lat' dir='ltr'><strong>quid</strong></span> <span class='ocrx_word' id='word_1_179' title='bbox 693 2721 748 2786; x_wconf 84' lang='lat' dir='ltr'><strong>ego</strong></span> <span class='ocrx_word' id='word_1_180' title='bbox 771 2703 920 2769; x_wconf 87' lang='lat' dir='ltr'><strong>neclectas</strong></span> <span class='ocrx_word' id='word_1_181' title='bbox 943 2704 1072 2770; x_wconf 87' lang='lat' dir='ltr'><strong>aliorum</strong></span> <span class='ocrx_word' id='word_1_182' title='bbox 1096 2722 1261 2788; x_wconf 87' lang='lat' dir='ltr'><strong>conqueror</strong></span> <span class='ocrx_word' id='word_1_183' title='bbox 1284 2724 1359 2770; x_wconf 89' lang='lat' dir='ltr'><strong>con-</strong></span> 
     </span>
     <span class='ocr_line' id='line_1_23' title="bbox 241 2803 1359 2888; baseline 0.004 -18"><span class='ocrx_word' id='word_1_184' title='bbox 241 2803 385 2870; x_wconf 89' lang='lat' dir='ltr'><strong>tumelias</strong></span> <span class='ocrx_word' id='word_1_185' title='bbox 407 2805 592 2869; x_wconf 82' lang='lat' dir='ltr'><strong>numinum?</strong></span> <span class='ocrx_word' id='word_1_186' title='bbox 617 2804 683 2887; x_wconf 90' lang='lat' dir='ltr'><strong>ipse</strong></span> <span class='ocrx_word' id='word_1_187' title='bbox 705 2805 758 2870; x_wconf 93' lang='lat' dir='ltr'><strong>ille</strong></span> <span class='ocrx_word' id='word_1_188' title='bbox 781 2805 928 2888; x_wconf 90' lang='lat' dir='ltr'><strong>Iuppiter,</strong></span> <span class='ocrx_word' id='word_1_189' title='bbox 950 2807 1037 2872; x_wconf 90' lang='lat' dir='ltr'><strong>cuius</strong></span> <span class='ocrx_word' id='word_1_190' title='bbox 1059 2825 1114 2872; x_wconf 92' lang='lat' dir='ltr'><strong>uos</strong></span> <span class='ocrx_word' id='word_1_191' title='bbox 1136 2825 1247 2873; x_wconf 91' lang='lat' dir='ltr'><strong>nomen</strong></span> <span class='ocrx_word' id='word_1_192' title='bbox 1269 2809 1359 2875; x_wconf 87' lang='lat' dir='ltr'><strong>effari</strong></span> 
     </span>
     <span class='ocr_line' id='line_1_24' title="bbox 240 2907 1357 2991; baseline 0.004 -19"><span class='ocrx_word' id='word_1_193' title='bbox 240 2927 301 2974; x_wconf 89' lang='lat' dir='ltr'><strong>non</strong></span> <span class='ocrx_word' id='word_1_194' title='bbox 322 2908 387 2972; x_wconf 91' lang='lat' dir='ltr'><strong>sine</strong></span> <span class='ocrx_word' id='word_1_195' title='bbox 416 2909 502 2973; x_wconf 88' lang='lat' dir='ltr'><strong>metu</strong></span> <span class='ocrx_word' id='word_1_196' title='bbox 532 2907 634 2973; x_wconf 83' lang='lat' dir='ltr'><strong>decuit</strong></span> <span class='ocrx_word' id='word_1_197' title='bbox 657 2912 687 2972; x_wconf 89' lang='lat' dir='ltr'><strong>et</strong></span> <span class='ocrx_word' id='word_1_198' title='bbox 709 2909 805 2974; x_wconf 92' lang='lat' dir='ltr'><strong>totius</strong></span> <span class='ocrx_word' id='word_1_199' title='bbox 834 2910 966 2991; x_wconf 91' lang='lat' dir='ltr'><strong>corporis</strong></span> <span class='ocrx_word' id='word_1_200' title='bbox 996 2912 1205 2989; x_wconf 86' lang='lat' dir='ltr'><strong>concussione,</strong></span> <span class='ocrx_word' id='word_1_201' title='bbox 1237 2912 1357 2978; x_wconf 90' lang='lat' dir='ltr'><strong>amasio</strong></span> 
     </span>
     <span class='ocr_line' id='line_1_25' title="bbox 241 3010 1358 3096; baseline 0.004 -20"><span class='ocrx_word' id='word_1_202' title='bbox 241 3012 347 3094; x_wconf 82' lang='lat' dir='ltr'><strong>captus</strong></span> <span class='ocrx_word' id='word_1_203' title='bbox 369 3010 408 3075; x_wconf 89' lang='lat' dir='ltr'><strong>ab</strong></span> <span class='ocrx_word' id='word_1_204' title='bbox 431 3029 522 3076; x_wconf 86' lang='lat' dir='ltr'><strong>uxore</strong></span> <span class='ocrx_word' id='word_1_205' title='bbox 545 3012 729 3078; x_wconf 86' lang='lat' dir='ltr'><strong>describitur</strong></span> <span class='ocrx_word' id='word_1_206' title='bbox 751 3013 888 3080; x_wconf 82' lang='lat' dir='ltr'><strong>confiteri</strong></span> <span class='ocrx_word' id='word_1_207' title='bbox 911 3015 1016 3096; x_wconf 87' lang='lat' dir='ltr'><strong>culpas</strong></span> <span class='ocrx_word' id='word_1_208' title='bbox 1039 3033 1120 3093; x_wconf 89' lang='lat' dir='ltr'><strong>suas,</strong></span> <span class='ocrx_word' id='word_1_209' title='bbox 1143 3018 1174 3080; x_wconf 90' lang='lat' dir='ltr'><strong>et</strong></span> <span class='ocrx_word' id='word_1_210' title='bbox 1196 3016 1285 3081; x_wconf 90' lang='lat' dir='ltr'><strong>uelut</strong></span> <span class='ocrx_word' id='word_1_211' title='bbox 1302 3018 1358 3083; x_wconf 89' lang='lat' dir='ltr'><strong>de-</strong></span> 
     </span>
     <span class='ocr_line' id='line_1_26' title="bbox 240 3115 1390 3202; baseline 0.005 -24"><span class='ocrx_word' id='word_1_212' title='bbox 240 3133 325 3180; x_wconf 92' lang='lat' dir='ltr'><strong>mens</strong></span> <span class='ocrx_word' id='word_1_213' title='bbox 340 3133 374 3179; x_wconf 84' lang='lat' dir='ltr'><strong>ac</strong></span> <span class='ocrx_word' id='word_1_214' title='bbox 390 3115 520 3190; x_wconf 86' lang='lat' dir='ltr'><strong>nescius,</strong></span> <span class='ocrx_word' id='word_1_215' title='bbox 542 3133 618 3197; x_wconf 87' lang='lat' dir='ltr'><strong>quas</strong></span> <span class='ocrx_word' id='word_1_216' title='bbox 634 3116 783 3180; x_wconf 85' lang='lat' dir='ltr'><strong>amiculas</strong></span> <span class='ocrx_word' id='word_1_217' title='bbox 798 3117 931 3200; x_wconf 84' lang='lat' dir='ltr'><strong>coniugi,</strong></span> <span class='ocrx_word' id='word_1_218' title='bbox 954 3135 1030 3199; x_wconf 89' lang='lat' dir='ltr'><strong>quas</strong></span> <span class='ocrx_word' id='word_1_219' title='bbox 1045 3118 1131 3182; x_wconf 78' lang='lat' dir='ltr'><strong>uxori</strong></span> <span class='ocrx_word' id='word_1_220' title='bbox 1147 3119 1390 3202; x_wconf 57' lang='lat' dir='ltr'><strong>anteposuerim⁵</strong></span> 
     </span>
     <span class='ocr_line' id='line_1_27' title="bbox 240 3216 1357 3303; baseline 0.005 -22"><span class='ocrx_word' id='word_1_221' title='bbox 240 3217 362 3301; x_wconf 89' lang='lat' dir='ltr'><strong>pelices,</strong></span> <span class='ocrx_word' id='word_1_222' title='bbox 386 3216 554 3282; x_wconf 88' lang='lat' dir='ltr'><strong>obduratus</strong></span> <span class='ocrx_word' id='word_1_223' title='bbox 576 3219 793 3284; x_wconf 87' lang='lat' dir='ltr'><strong>inuerecundia</strong></span> <span class='ocrx_word' id='word_1_224' title='bbox 815 3219 986 3301; x_wconf 87' lang='lat' dir='ltr'><strong>publicare:</strong></span> <span class='ocrx_word' id='word_1_225' title='bbox 1015 3237 1069 3286; x_wconf 91' lang='lat' dir='ltr'><strong>uos</strong></span> <span class='ocrx_word' id='word_1_226' title='bbox 1091 3221 1168 3286; x_wconf 88' lang='lat' dir='ltr'><strong>talia</strong></span> <span class='ocrx_word' id='word_1_227' title='bbox 1190 3221 1244 3303; x_wconf 88' lang='lat' dir='ltr'><strong>qui</strong></span> <span class='ocrx_word' id='word_1_228' title='bbox 1267 3226 1357 3287; x_wconf 87' lang='lat' dir='ltr'><strong>extu-</strong></span> 
     </span>
     <span class='ocr_line' id='line_1_28' title="bbox 240 3319 1356 3407; baseline 0.005 -23"><span class='ocrx_word' id='word_1_229' title='bbox 240 3319 306 3385; x_wconf 90' lang='lat' dir='ltr'><strong>lere.</strong></span> <span class='ocrx_word' id='word_1_230' title='bbox 331 3319 471 3403; x_wconf 86' lang='lat' dir='ltr'><strong>prodigia</strong></span> <span class='ocrx_word' id='word_1_231' title='bbox 497 3321 657 3402; x_wconf 88' lang='lat' dir='ltr'><strong>poetarum</strong></span> <span class='ocrx_word' id='word_1_232' title='bbox 686 3339 751 3386; x_wconf 90' lang='lat' dir='ltr'><strong>esse</strong></span> <span class='ocrx_word' id='word_1_233' title='bbox 772 3322 923 3404; x_wconf 88' lang='lat' dir='ltr'><strong>principes</strong></span> <span class='ocrx_word' id='word_1_234' title='bbox 946 3323 1039 3404; x_wconf 88' lang='lat' dir='ltr'><strong>atque</strong></span> <span class='ocrx_word' id='word_1_235' title='bbox 1060 3341 1146 3407; x_wconf 83' lang='lat' dir='ltr'><strong>reges</strong></span> <span class='ocrx_word' id='word_1_236' title='bbox 1169 3324 1283 3390; x_wconf 90' lang='lat' dir='ltr'><strong>diuinis</strong></span> <span class='ocrx_word' id='word_1_237' title='bbox 1305 3327 1356 3390; x_wconf 92' lang='lat' dir='ltr'><strong>iu-</strong></span> 
     </span>
     <span class='ocr_line' id='line_1_29' title="bbox 240 3423 1358 3510; baseline 0.004 -22"><span class='ocrx_word' id='word_1_238' title='bbox 240 3423 339 3509; x_wconf 83' lang='lat' dir='ltr'><strong>geniis</strong></span> <span class='ocrx_word' id='word_1_239' title='bbox 361 3424 523 3507; x_wconf 89' lang='lat' dir='ltr'><strong>praeditos,</strong></span> <span class='ocrx_word' id='word_1_240' title='bbox 547 3425 648 3506; x_wconf 84' lang='lat' dir='ltr'><strong>capita</strong></span> <span class='ocrx_word' id='word_1_241' title='bbox 670 3443 735 3490; x_wconf 93' lang='lat' dir='ltr'><strong>esse</strong></span> <span class='ocrx_word' id='word_1_242' title='bbox 750 3425 930 3489; x_wconf 86' lang='lat' dir='ltr'><strong>memoretis</strong></span> <span class='ocrx_word' id='word_1_243' title='bbox 945 3425 1149 3504; x_wconf 86' lang='lat' dir='ltr'><strong>sanctissime,</strong></span> <span class='ocrx_word' id='word_1_244' title='bbox 1172 3427 1358 3510; x_wconf 90' lang='lat' dir='ltr'><strong>tantumque</strong></span> 
     </span>
     <span class='ocr_line' id='line_1_30' title="bbox 240 3525 1356 3614; baseline 0.003 -22"><span class='ocrx_word' id='word_1_245' title='bbox 240 3527 279 3592; x_wconf 89' lang='lat' dir='ltr'><strong>ab</strong></span> <span class='ocrx_word' id='word_1_246' title='bbox 309 3525 408 3591; x_wconf 82' lang='lat' dir='ltr'><strong>officio</strong></span> <span class='ocrx_word' id='word_1_247' title='bbox 436 3526 619 3610; x_wconf 85' lang='lat' dir='ltr'><strong>religionum</strong></span> <span class='ocrx_word' id='word_1_248' title='bbox 648 3546 724 3609; x_wconf 88' lang='lat' dir='ltr'><strong>quas</strong></span> <span class='ocrx_word' id='word_1_249' title='bbox 753 3527 917 3593; x_wconf 85' lang='lat' dir='ltr'><strong>induxistis</strong></span> <span class='ocrx_word' id='word_1_250' title='bbox 947 3529 1105 3606; x_wconf 88' lang='lat' dir='ltr'><strong>euolastis,</strong></span> <span class='ocrx_word' id='word_1_251' title='bbox 1138 3533 1175 3594; x_wconf 89' lang='lat' dir='ltr'><strong>ut</strong></span> <span class='ocrx_word' id='word_1_252' title='bbox 1204 3531 1356 3614; x_wconf 85' lang='lat' dir='ltr'><strong>grauioris</strong></span> 
     </span>
    </p>
   </div>
   <div class='ocr_carea' id='block_1_3' title="bbox 174 3797 1357 4464">
    <p class='ocr_par' dir='ltr' id='par_1_3' title="bbox 174 3797 1357 4464">
     <span class='ocr_line' id='line_1_31' title="bbox 272 3797 1356 3856; baseline 0.004 -4"><span class='ocrx_word' id='word_1_253' title='bbox 272 3797 290 3852; x_wconf 88' lang='lat'>4</span> <span class='ocrx_word' id='word_1_254' title='bbox 307 3798 471 3852; x_wconf 85' lang='lat' dir='ltr'><strong>inducuntur</strong></span> <span class='ocrx_word' id='word_1_255' title='bbox 488 3797 557 3852; x_wconf 76' lang='lat' dir='ltr'><strong>Sub:</strong></span> <span class='ocrx_word' id='word_1_256' title='bbox 574 3797 723 3852; x_wconf 88' lang='lat' dir='ltr'><strong>induuntur</strong></span> <span class='ocrx_word' id='word_1_257' title='bbox 742 3797 769 3851; x_wconf 90' lang='lat' dir='ltr'><em>P</em></span> <span class='ocrx_word' id='word_1_258' title='bbox 869 3797 887 3851; x_wconf 76' lang='grc'><em>5</em></span> <span class='ocrx_word' id='word_1_259' title='bbox 904 3814 1004 3852; x_wconf 88' lang='lat' dir='ltr'><strong>amores</strong></span> <span class='ocrx_word' id='word_1_260' title='bbox 1023 3800 1051 3853; x_wconf 92' lang='lat' dir='ltr'><strong><em>P</em></strong></span> <span class='ocrx_word' id='word_1_261' title='bbox 1063 3815 1150 3855; x_wconf 82' lang='lat' dir='ltr'><strong>corre</strong></span> <span class='ocrx_word' id='word_1_262' title='bbox 1255 3801 1288 3854; x_wconf 89' lang='lat'><strong>10</strong></span> <span class='ocrx_word' id='word_1_263' title='bbox 1306 3803 1356 3856; x_wconf 87' lang='lat' dir='ltr'><strong>alii</strong></span> 
     </span>
     <span class='ocr_line' id='line_1_32' title="bbox 240 3880 1288 3956; baseline 0.004 -19"><span class='ocrx_word' id='word_1_264' title='bbox 240 3900 267 3945; x_wconf 84' lang='lat' dir='ltr'><strong>se</strong></span> <span class='ocrx_word' id='word_1_265' title='bbox 284 3883 353 3939; x_wconf 77' lang='lat' dir='ltr'><strong>Sub:</strong></span> <span class='ocrx_word' id='word_1_266' title='bbox 375 3882 436 3938; x_wconf 81' lang='lat' dir='ltr'><strong>eliis</strong></span> <span class='ocrx_word' id='word_1_267' title='bbox 454 3886 495 3937; x_wconf 88' lang='lat' dir='ltr'><strong>est</strong></span> <span class='ocrx_word' id='word_1_268' title='bbox 513 3885 540 3937; x_wconf 94' lang='lat' dir='ltr'><strong><em>P</em></strong></span> <span class='ocrx_word' id='word_1_269' title='bbox 562 3883 628 3938; x_wconf 87' lang='lat' dir='ltr'><strong>alios</strong></span> <span class='ocrx_word' id='word_1_270' title='bbox 646 3880 719 3938; x_wconf 82' lang='lat' dir='ltr'><strong>estr</strong></span> <span class='ocrx_word' id='word_1_271' title='bbox 820 3887 956 3952; x_wconf 88' lang='lat' dir='ltr'><strong>tamquam</strong></span> <span class='ocrx_word' id='word_1_272' title='bbox 975 3885 1037 3949; x_wconf 80' lang='lat' dir='ltr'><strong>Sub,</strong></span> <span class='ocrx_word' id='word_1_273' title='bbox 1055 3901 1086 3939; x_wconf 82' lang='lat' dir='ltr'><strong>r:</strong></span> <span class='ocrx_word' id='word_1_274' title='bbox 1110 3886 1243 3956; x_wconf 88' lang='lat' dir='ltr'><strong>iamquam</strong></span> <span class='ocrx_word' id='word_1_275' title='bbox 1261 3889 1288 3941; x_wconf 91' lang='lat' dir='ltr'><strong><em>P</em></strong></span> 
     </span>
     <span class='ocr_line' id='line_1_33' title="bbox 239 3969 1357 4040; baseline 0.004 -16"><span class='ocrx_word' id='word_1_276' title='bbox 239 3969 385 4040; x_wconf 80' lang='lat' dir='ltr'><strong>parrigidio</strong></span> <span class='ocrx_word' id='word_1_277' title='bbox 403 3969 431 4022; x_wconf 92' lang='lat' dir='ltr'><strong><em>P</em></strong></span> <span class='ocrx_word' id='word_1_278' title='bbox 447 3984 508 4023; x_wconf 83' lang='lat' dir='ltr'><strong>corr</strong></span> <span class='ocrx_word' id='word_1_279' title='bbox 525 3972 548 4024; x_wconf 65' lang='grc' dir='ltr'><strong>α’</strong></span> <span class='ocrx_word' id='word_1_280' title='bbox 656 3969 689 4022; x_wconf 89' lang='grc'><strong>13</strong></span> <span class='ocrx_word' id='word_1_281' title='bbox 705 3969 840 4022; x_wconf 80' lang='lat' dir='ltr'><strong>incertius</strong></span> <span class='ocrx_word' id='word_1_282' title='bbox 857 3969 912 4024; x_wconf 75' lang='lat' dir='ltr'><strong>Sub</strong></span> <span class='ocrx_word' id='word_1_283' title='bbox 1020 3971 1106 4024; x_wconf 88' lang='lat' dir='ltr'><strong>laudis</strong></span> <span class='ocrx_word' id='word_1_284' title='bbox 1123 3972 1357 4028; x_wconf 80' lang='lat' dir='ltr'><strong>Etmecborstc&#39;us:</strong></span> 
     </span>
     <span class='ocr_line' id='line_1_34' title="bbox 239 4041 1356 4125; baseline 0.004 -16"><span class='ocrx_word' id='word_1_285' title='bbox 239 4056 330 4110; x_wconf 88' lang='lat' dir='ltr'><strong>laudes</strong></span> <span class='ocrx_word' id='word_1_286' title='bbox 348 4055 375 4108; x_wconf 95' lang='lat' dir='ltr'><strong><em>P</em></strong></span> <span class='ocrx_word' id='word_1_287' title='bbox 397 4054 475 4108; x_wconf 86' lang='lat' dir='ltr'><strong>lande</strong></span> <span class='ocrx_word' id='word_1_288' title='bbox 492 4054 546 4109; x_wconf 80' lang='lat' dir='ltr'><strong>Sub</strong></span> <span class='ocrx_word' id='word_1_289' title='bbox 603 4041 607 4054; x_wconf 60' lang='lat'>⁵</span> <span class='ocrx_word' id='word_1_290' title='bbox 665 4053 713 4108; x_wconf 86' lang='lat' dir='ltr'><strong>illa</strong></span> <span class='ocrx_word' id='word_1_291' title='bbox 730 4053 784 4108; x_wconf 73' lang='lat' dir='ltr'><strong>Sao</strong></span> <span class='ocrx_word' id='word_1_292' title='bbox 903 4057 937 4109; x_wconf 91' lang='lat'><strong>14</strong></span> <span class='ocrx_word' id='word_1_293' title='bbox 954 4057 1116 4110; x_wconf 82' lang='lat' dir='ltr'><strong>heiulatibus</strong></span> <span class='ocrx_word' id='word_1_294' title='bbox 1134 4058 1197 4125; x_wconf 77' lang='lat' dir='ltr'><strong>Sub,</strong></span> <span class='ocrx_word' id='word_1_295' title='bbox 1214 4074 1245 4112; x_wconf 79' lang='lat' dir='ltr'><strong>r:</strong></span> <span class='ocrx_word' id='word_1_296' title='bbox 1267 4059 1356 4114; x_wconf 64' lang='lat' dir='ltr'><strong>hesin-</strong></span> 
     </span>
     <span class='ocr_line' id='line_1_35' title="bbox 239 4139 1287 4199; baseline 0.005 -4"><span class='ocrx_word' id='word_1_297' title='bbox 239 4139 398 4195; x_wconf 86' lang='lat' dir='ltr'><strong>lantibusP</strong></span> <span class='ocrx_word' id='word_1_298' title='bbox 493 4139 565 4195; x_wconf 83' lang='lat' dir='ltr'><strong>facto</strong></span> <span class='ocrx_word' id='word_1_299' title='bbox 582 4139 636 4194; x_wconf 78' lang='lat' dir='ltr'><strong>Sub</strong></span> <span class='ocrx_word' id='word_1_300' title='bbox 741 4140 773 4194; x_wconf 88' lang='grc'><strong>16</strong></span> <span class='ocrx_word' id='word_1_301' title='bbox 790 4143 867 4194; x_wconf 88' lang='lat' dir='ltr'><strong>coetu</strong></span> <span class='ocrx_word' id='word_1_302' title='bbox 883 4141 934 4196; x_wconf 81' lang='lat' dir='ltr'><strong>Urs</strong></span> <span class='ocrx_word' id='word_1_303' title='bbox 1041 4143 1159 4197; x_wconf 88' lang='lat' dir='ltr'><strong>ediscitis</strong></span> <span class='ocrx_word' id='word_1_304' title='bbox 1176 4144 1287 4199; x_wconf 82' lang='lat' dir='ltr'><strong>omSab</strong></span> 
     </span>
     <span class='ocr_line' id='line_1_36' title="bbox 240 4225 1289 4299; baseline 0.004 -19"><span class='ocrx_word' id='word_1_305' title='bbox 240 4226 274 4280; x_wconf 77' lang='lat'><strong>22</strong></span> <span class='ocrx_word' id='word_1_306' title='bbox 291 4225 388 4294; x_wconf 90' lang='lat' dir='ltr'><strong>ippiter</strong></span> <span class='ocrx_word' id='word_1_307' title='bbox 405 4227 433 4280; x_wconf 90' lang='lat' dir='ltr'><strong><em>P</em></strong></span> <span class='ocrx_word' id='word_1_308' title='bbox 449 4241 509 4280; x_wconf 83' lang='lat' dir='ltr'><strong>corr</strong></span> <span class='ocrx_word' id='word_1_309' title='bbox 631 4241 692 4279; x_wconf 82' lang='lat' dir='ltr'><strong>suos</strong></span> <span class='ocrx_word' id='word_1_310' title='bbox 710 4227 814 4299; x_wconf 39' lang='lat' dir='ltr'><strong>P&#39;oorr</strong></span> <span class='ocrx_word' id='word_1_311' title='bbox 935 4243 1032 4282; x_wconf 89' lang='lat' dir='ltr'><strong>nomen</strong></span> <span class='ocrx_word' id='word_1_312' title='bbox 1055 4229 1120 4282; x_wconf 84' lang='lat' dir='ltr'><strong>Ure:</strong></span> <span class='ocrx_word' id='word_1_313' title='bbox 1144 4246 1242 4283; x_wconf 88' lang='lat' dir='ltr'><strong>numen</strong></span> <span class='ocrx_word' id='word_1_314' title='bbox 1260 4231 1289 4284; x_wconf 92' lang='lat' dir='ltr'><strong><em>P</em></strong></span> 
     </span>
     <span class='ocr_line' id='line_1_37' title="bbox 174 4309 1356 4382; baseline 0.006 -19"><span class='ocrx_word' id='word_1_315' title='bbox 174 4327 177 4334; x_wconf 76' lang='grc'><strong>’</strong></span> <span class='ocrx_word' id='word_1_316' title='bbox 239 4311 273 4364; x_wconf 84' lang='lat'><strong>24</strong></span> <span class='ocrx_word' id='word_1_317' title='bbox 290 4309 365 4363; x_wconf 79' lang='lat' dir='ltr'><strong>uelut</strong></span> <span class='ocrx_word' id='word_1_318' title='bbox 385 4309 448 4365; x_wconf 79' lang='lat' dir='ltr'><strong>Gal.-</strong></span> <span class='ocrx_word' id='word_1_319' title='bbox 465 4311 506 4364; x_wconf 95' lang='lat' dir='ltr'><strong>uel</strong></span> <span class='ocrx_word' id='word_1_320' title='bbox 524 4311 590 4364; x_wconf 91' lang='lat' dir='ltr'><strong>P&#39;</strong></span> <span class='ocrx_word' id='word_1_321' title='bbox 651 4311 685 4365; x_wconf 78' lang='lat'><strong>28</strong></span> <span class='ocrx_word' id='word_1_322' title='bbox 701 4311 834 4380; x_wconf 87' lang='lat' dir='ltr'><strong>praeditos</strong></span> <span class='ocrx_word' id='word_1_323' title='bbox 850 4312 915 4367; x_wconf 74' lang='lat' dir='ltr'><strong>oet:</strong></span> <span class='ocrx_word' id='word_1_324' title='bbox 932 4313 1048 4382; x_wconf 87' lang='lat' dir='ltr'><strong>proditos</strong></span> <span class='ocrx_word' id='word_1_325' title='bbox 1061 4315 1088 4367; x_wconf 95' lang='lat' dir='ltr'><strong><em>P</em></strong></span> <span class='ocrx_word' id='word_1_326' title='bbox 1187 4315 1220 4369; x_wconf 81' lang='lat'><strong>29</strong></span> <span class='ocrx_word' id='word_1_327' title='bbox 1237 4315 1356 4370; x_wconf 81' lang='lat' dir='ltr'><strong>induxis·</strong></span> 
     </span>
     <span class='ocr_line' id='line_1_38' title="bbox 240 4395 600 4464; baseline 0.003 -16"><span class='ocrx_word' id='word_1_328' title='bbox 240 4397 277 4449; x_wconf 91' lang='lat' dir='ltr'><strong>tis</strong></span> <span class='ocrx_word' id='word_1_329' title='bbox 294 4395 405 4464; x_wconf 78' lang='lat' dir='ltr'><strong>scripsi:</strong></span> <span class='ocrx_word' id='word_1_330' title='bbox 428 4396 555 4450; x_wconf 90' lang='lat' dir='ltr'><strong>inducitis</strong></span> <span class='ocrx_word' id='word_1_331' title='bbox 573 4397 600 4449; x_wconf 95' lang='lat' dir='ltr'><strong><em>P</em></strong></span> 
     </span>
    </p>
   </div>
   <div class='ocr_carea' id='block_1_4' title="bbox 0 0 1462 5010">
    <p class='ocr_par' dir='ltr' id='par_1_4' title="bbox 0 0 1462 5010">
     <span class='ocr_line' id='line_1_39' title="bbox 0 0 1462 5010; baseline 0 0"><span class='ocrx_word' id='word_1_332' title='bbox 0 0 1462 5010; x_wconf 95' lang='lat' dir='ltr'><strong> </strong></span> 
     </span>
    </p>
   </div>
  </div>
 </body>
</html>
