2888 5008
229 464 292 532 252
531 463 674 519 Arnobii
696 465 857 520 aduersus
884 466 1039 520 nationes

230 636 318 702 nobis
339 636 372 700 iu
393 635 535 702 manibus
557 635 727 702 hostiemm
749 653 848 702 sermo
870 637 1019 720 uersatur,
1043 654 1121 720 quae
1143 655 1244 717 eausa,
1268 656 1340 720 quae

229 739 308 805 ratio
329 742 385 818 est,
408 738 444 803 ut
466 756 537 804 cum
559 738 604 804 dii
625 739 804 806 inmortales
818 740 940 806 -sint
962 739 1044 806 enim
1066 740 1098 806 et
1119 759 1173 824 per
1194 757 1250 806 nos
1272 739 1341 806 licet

229 842 411 924 quicumque
433 858 498 907 esse
520 839 686 908 ereduntur
714 879 752 894 -
780 843 844 908 sint
873 843 964 910 unius
994 843 1143 932 esseutiae
1172 844 1225 909 uel
1254 843 1340 910 unius

229 944 362 1011 debcant
383 962 448 1010 esse
471 944 607 1024 naturae,
629 946 750 1028 generis
772 945 804 1012 et
818 945 979 1029 qualitatis
995 946 1098 1028 unius,
1120 963 1180 1012 uon
1202 946 1340 1012 omnibus

228 1065 334 1113 omnes
358 1046 469 1112 hostiis
495 1045 548 1112 sed
573 1047 757 1129 quibusdam
783 1048 908 1131 quidum
933 1067 1089 1115 sacrorum
1111 1047 1307 1114 mulceantur
1326 1067 1340 1112 e
1356 1071 1379 1110 s¹

228 1148 371 1234 legibue?
400 1167 478 1233 quae
500 1150 547 1214 est
573 1150 658 1216 eninr
679 1168 779 1231 cause,
803 1151 958 1234 requiram
980 1153 1016 1216 ut
1037 1151 1144 1218 eadem
1165 1171 1289 1234 rursus,
1310 1151 1341 1216 ut

227 1253 282 1320 ille
303 1253 402 1318 tauris
432 1252 522 1336 deus,
553 1251 661 1319 haedis
685 1253 766 1320 nlius
788 1253 954 1321 honoretur
976 1255 1178 1336 autoribus,
1209 1256 1261 1342 bic
1282 1255 1342 1320 lec·

227 1355 365 1424 tentibus
387 1355 538 1439 porculis,
561 1355 641 1422 alter
661 1356 791 1423 intonsis
813 1359 919 1444 agnis,
940 1357 991 1422 bie
1012 1357 1187 1443 uirginibus
1209 1358 1340 1438 bubulis,

228 1457 328 1544 capris
350 1458 405 1524 ille
427 1457 574 1539 cornutis,
596 1458 647 1524 hic
668 1459 827 1526 sterilibus
850 1460 994 1538 cocculis,
1025 1461 1061 1526 at
1081 1461 1137 1526 ille
1158 1461 1342 1527 incientibus

228 1562 341 1645 scrofis,
364 1561 415 1626 hic
437 1561 622 1641 albentibus,
645 1561 702 1626 ille
723 1562 843 1646 taetris,
865 1562 944 1630 alter
964 1563 1090 1630 feminei
1113 1566 1244 1650 generis,
1268 1564 1367 1630 altero

227 1682 298 1730 uero
327 1663 538 1730 animantibus
565 1665 768 1732 masculinis?
801 1666 828 1732 si
850 1665 934 1733 enim
955 1665 1080 1734 honoris
1103 1670 1134 1734 et
1156 1668 1342 1735 reuerentiae

157 1835 162 1844 ,
228 1787 321 1834 causa
349 1768 525 1835 mactantur
547 1768 595 1834 dis
618 1768 750 1848 hostiae,
780 1769 856 1852 quid
885 1769 979 1834 refert
1007 1771 1062 1836 aut
1083 1769 1227 1849 interest,
1260 1771 1342 1836 cuius

228 1871 372 1936 animalis
394 1890 410 1937 e
433 1870 532 1953 capite
561 1871 667 1937 luetur
693 1871 751 1937 hoc
780 1872 935 1956 debitum,
968 1873 1056 1939 cuius
1084 1874 1132 1940 ira
1161 1873 1343 1956 offensioque

226 1975 381 2056 ponatur?
418 1994 457 2040 an
489 1975 640 2058 numquid
676 1976 805 2042 alterius
838 1977 930 2042 alteri
965 1977 1132 2043 animantis
1164 1978 1284 2062 gratior
1315 1978 1342 2042 et

227 2077 387 2144 iucundior
409 2077 536 2163 sanguis
558 2080 620 2159 est,
643 2078 734 2144 alteri
755 2099 827 2146 uero
850 2080 979 2146 alterius
1000 2081 1194 2164 uoluptatem
1208 2078 1367 2146 infundite

227 2183 260 2247 et
280 2181 450 2266 gaudium?
483 2182 552 2261 aut,
587 2183 623 2247 ut
644 2183 710 2248 fieri
738 2183 832 2248 moris
861 2184 924 2263 est,
958 2183 1184 2250 obseruatiouie
1212 2182 1342 2249 alicuine

65 2299 68 2304 ·
128 2283 237 2368 trieri
263 2285 295 2350 et
316 2285 474 2371 religionis
495 2286 582 2352 metu
609 2285 665 2352 ille
687 2286 812 2368 caprina
839 2286 974 2352 abstinet
997 2304 1029 2351 se
1050 2303 1156 2365 earne,
1183 2286 1342 2368 porcinum

150 2437 155 2449 .
228 2386 308 2454 alius
337 2391 495 2454 execratur
524 2389 696 2472 attactum,
716 2388 799 2454 buic
829 2389 926 2455 ouilla
946 2388 1099 2478 fetulmta
1122 2390 1195 2453 sunt
1216 2388 1341 2465 uiscera,

228 2510 264 2557 ac
293 2511 330 2557 ce
359 2491 554 2558 stomachum
583 2492 694 2576 fatiget
722 2490 908 2571 inualidum,
939 2491 990 2556 hic
1018 2491 1169 2558 bubulam
1198 2489 1343 2556 duritiem

187 2635 188 2647 κ
226 2594 308 2660 uitat
329 2596 361 2660 et
383 2593 566 2660 lactentium
587 2594 763 2676 lenitatem,
792 2613 852 2676 quo
874 2595 995 2679 digeret
1015 2593 1203 2678 expeditius,
1225 2593 1368 2658 sumitts

178 2696 281 2762 rasel
303 2715 399 2777 erras,
421 2698 539 2780 inquit,
563 2699 593 2763 et
616 2698 742 2764 laberis:
765 2717 838 2764 nam
860 2697 907 2763 dis
928 2697 1052 2762 feminis
1074 2695 1222 2775 feminas,
1246 2714 1343 2761 mares

224 2801 361 2867 maribus
383 2799 499 2866 hostias
523 2800 685 2866 immolare
707 2801 851 2866 abstrusa
873 2800 904 2865 et
918 2800 1046 2866 interior
1067 2799 1148 2866 ratio
1170 2799 1217 2866 est
1237 2797 1342 2882 uulgi·

225 2921 285 2985 que
299 2922 318 2968 a
333 2903 506 2987 cognitione
521 2904 647 2970 dimota.
678 2919 739 2968 uon
753 2903 884 2986 inquiro,
907 2922 968 2968 non
983 2902 1082 2987 exigo,
1099 2902 1173 2986 quid
1188 2919 1343 2968 sacrorum

224 3005 413 3089 praecipiant
434 3005 485 3071 uel
507 3005 583 3088 quid
605 3006 780 3092 contineant
799 3006 898 3090 leges3
922 3007 975 3072 sed
990 3005 1017 3070 si
1032 3006 1144 3072 uicerit
1158 3005 1236 3071 ratio
1254 3005 1343 3086 atque

226 3107 394 3173 obtinuerit
422 3109 556 3190 ueritas,
586 3107 793 3174 differentiam
822 3128 969 3194 generum
995 3108 1116 3174 nudam
1138 3108 1173 3173 in
1195 3107 1257 3173 diis
1271 3096 1368 3172 'essere

226 3230 323 3293 neque
345 3211 418 3276 ullis
441 3211 563 3277 sexibus
585 3230 636 3278 eos
659 3230 723 3278 esee
745 3207 902 3292 discretos,
925 3229 1023 3278 nonne
1045 3211 1125 3278 solui
1146 3229 1272 3277 neeesse
1288 3213 1340 3288 est,

224 3332 324 3380 uonue
345 3315 479 3381 rationes
500 3315 556 3380 has
579 3331 682 3380 omnes
704 3334 740 3381 ex
757 3314 954 3380 stultissimis
968 3315 1100 3402 creditas
1115 3313 1341 3396 opinationibus

226 3414 432 3502 comprobari,
455 3417 608 3483 inueniri?
637 3417 824 3500 sapientium
851 3417 989 3483 uirorum
1011 3436 1071 3483 non
1093 3417 1252 3483 eduocebo
1275 3435 1342 3481 een-

225 3521 349 3601 lentim,
373 3522 427 3604 qui
448 3521 548 3587 risum
569 3522 726 3602 nequeunt
748 3520 911 3599 continere,
935 3505 1005 3586 cum
1021 3519 1201 3586 discrimina
1216 3538 1341 3585 sexuum

225 3625 285 3690 diis
307 3625 438 3690 audiunt
459 3622 687 3688 immortalibus
716 3623 886 3688 attributa:
917 3639 1098 3706 unoquoque
1120 3621 1160 3688 ab
1183 3622 1368 3688 hominumn

258 3882 275 3935 2
291 3881 447 3936 inmortales
464 3879 492 3934 P
609 3879 626 3934 3
643 3879 770 3934 acontias
786 3879 901 3948 serips-
929 3877 1077 3933 sententiae
1095 3879 1122 3932 P
1236 3879 1284 3932 be
1302 3893 1341 3932 ore

225 3967 280 4023 Sub
416 3967 434 4022 8
459 3964 562 4020 buculis
592 3965 643 4021 Gal
668 3965 786 4021 ‘calculis
812 3965 858 4020 ccl
883 3964 987 4038 buculis
1011 3964 1057 4020 cel
1090 3964 1194 4018 uitulie’
1224 3964 1278 4019 Ure

224 4053 241 4107 9
263 4053 424 4108 incientibus
447 4051 513 4108 Uro.-
535 4051 691 4122 ingentibus
708 4052 735 4106 P
836 4051 870 4106 10
887 4050 954 4104 atris
973 4050 1029 4104 Sat
1130 4049 1286 4104 redisce
1303 4048 1341 4102 dis

223 4157 286 4197 corr
297 4142 325 4195 P
422 4143 456 4196 14
472 4137 615 4196 animantis
627 4141 739 4210 scripsi·
756 4139 846 4194 minue
863 4139 891 4192 P
907 4138 1029 4192 animalis
1048 4138 1099 4193 Urs
1116 4138 1234 4192 muneris
1246 4137 1342 4192 Klase-

224 4243 343 4281 mcnaus
359 4243 455 4282 munus
466 4227 610 4296 Hauptiue
695 4227 797 4294 gratius
816 4228 843 4279 et
855 4224 994 4279 iucundius
1007 4225 1151 4293 Heraclius
1220 4225 1252 4280 19
1270 4221 1341 4276 stho-

224 4327 328 4366 macum
346 4313 373 4366 P
473 4313 508 4366 21
526 4312 578 4366 diis
595 4328 629 4367 en
651 4311 693 4366 dis
710 4327 773 4365 corr
791 4311 818 4365 P
918 4310 953 4364 24
969 4309 1074 4379 uicerit]
1093 4309 1202 4366 iusserit
1220 4309 1274 4365 san

224 4396 515 4452 armemanensis
616 4397 773 4466 exscripsi:
791 4399 818 4451 et
835 4397 890 4450 Pe
909 4395 963 4450 dab
