2916 5010
571 468 668 522 esser
688 468 739 523 111.
1149 471 1211 537 135

97 642 192 707 tionis
214 641 388 708 differentia
410 642 589 706 conseruata
609 640 643 705 in
657 640 749 705 unius
764 658 899 709 seusus*
918 640 1210 724 simplicitatemque

98 744 232 824 conflari,
255 745 282 809 si
302 745 349 809 ita
371 744 504 809 muudus
525 762 622 809 unum
638 743 685 810 est
699 742 815 808 animal
829 748 860 808 et
875 743 964 808 unius
979 744 1094 809 mentis
1110 746 1210 829 agita-

97 849 181 914 tione
209 848 361 925 motatur‚
389 867 445 913 nec
466 849 501 912 iu
529 847 619 932 plura
647 848 750 930 potest
775 847 903 913 numina
932 847 1076 930 dissipari
1103 867 1158 913 nec
1185 850 1211 914 si

98 953 163 1018 eius
196 951 364 1036 particulae
390 949 394 1038 Ι
421 950 464 1016 dii
491 951 578 1028 suut,
611 950 763 1015 inanius
796 949 964 1015 animantis
993 950 1279 1018 consciencientia

74 1055 165 1140 ecogi
187 1057 280 1138 atque
301 1055 425 1120 uertier.
459 1055 532 1119 luna
552 1054 599 1118 sol
620 1053 714 1119 tellus
736 1054 840 1119 aether
861 1055 942 1118 astra
970 1054 1109 1120 membra
1137 1056 1210 1120 sunt

97 1160 129 1224 et
156 1159 265 1224 mundi
291 1158 410 1240 partes:
443 1157 523 1238 quod
553 1156 580 1220 si
607 1157 709 1239 partes
731 1158 762 1220 ct
783 1157 921 1221 membra
949 1159 1034 1236 suut,
1056 1158 1212 1226 xanimalia

96 1263 204 1344 utiquo
232 1262 281 1325 sui
307 1259 440 1324 nominis
467 1277 527 1324 uon
555 1261 642 1324 sunt:
675 1277 773 1340 neque
799 1259 883 1323 euim
904 1261 1006 1341 partes
1029 1260 1085 1326 hoc
1107 1261 1210 1344 ipsum

97 1364 275 1446 essequod
306 1363 408 1427 totum
441 1363 488 1426 est
520 1362 623 1443 aliqua
650 1363 683 1425 in
711 1363 907 1445 reposcunt,
935 1369 989 1427 aut
1011 1362 1071 1428 sibi
1097 1381 1210 1448 sapere,

96 1469 157 1534 sibi
179 1468 301 1545 sentire,
325 1467 405 1548 quod
427 1467 492 1530 siue
514 1465 610 1531 totius
633 1464 800 1530 animantis
822 1468 953 1531 adsensu
967 1466 1063 1530 nullis
1078 1469 1209 1551 propriis

58 1571 258 1638 mediatatur
279 1570 469 1635 e'motibus:
502 1588 561 1651 quo
589 1567 756 1633 oonst'tuto
779 1587 814 1633 ac
841 1569 939 1650 posito
969 1585 1091 1634 suunma
1112 1572 1212 1636 omnis

96 1675 173 1740 illuc
199 1674 294 1751 redit,
327 1672 364 1736 ut
389 1690 486 1754 neque
513 1671 559 1736 sol
586 1671 661 1736 deus
690 1671 732 1735 sit
753 1689 849 1753 neque
876 1671 950 1736 luna
976 1690 1073 1752 neque
1095 1674 1210 1752 aether,

96 1777 190 1842 tellus
212 1779 243 1841 et
265 1780 374 1842 cetera.
408 1778 481 1840 sunt
508 1775 591 1841 enim
620 1776 722 1858 partes
750 1775 874 1852 mnudi,
903 1792 963 1840 nou
986 1776 1131 1858 specialia
1153 1797 1211 1840 nu·

95 1881 216 1946 minum
238 1880 375 1957 nomina,
406 1879 497 1960 atque
518 1879 564 1943 ita
585 1878 743 1960 perficitur
771 1878 873 1941 omnia
901 1878 989 1943 uobis
1012 1878 1211 1945 turbantibus

98 1983 359 2066 miscentibusque
382 1982 503 2059 diuina,
526 1981 616 2046 utin
640 1999 743 2046 rernm
765 1983 876 2045 natura
895 1999 976 2045 unus
999 1982 1212 2060 deusconsti·

58 2112 86 2168 us
96 2088 205 2152 tuetur
219 2088 352 2153 mundus
375 2085 505 2167 explosis
520 2084 664 2150 omnibus
680 2085 798 2163 ceteris,
822 2085 945 2149 omuino
959 2085 1100 2164 inaniter,
1117 2103 1212 2151 uacua

97 2191 129 2254 et
151 2190 216 2255 sine
238 2181 307 2255 ulla
327 2189 500 2254 substantia
522 2188 710 2253 constitutis.
745 2187 772 2252 si
794 2187 925 2252 totidem
947 2205 1002 2252 nos
1018 2188 1118 2253 modis
1132 2189 1259 2254 toci-ao

97 2293 227 2375 demque
249 2293 410 2359 sententiis
432 2291 558 2356 deorum
580 2292 753 2356 uestromm
776 2292 990 2356 subrueremus
1007 2290 1108 2370 fidem,
1132 2293 1210 2358 nulli

96 2397 177 2460 esset
199 2397 338 2477 dubium,
361 2397 436 2478 quin
457 2395 504 2460 ira
526 2396 557 2459 ct
572 2394 655 2459 rabie
671 2393 815 2460 concitati
829 2394 925 2477 ignes,
948 2393 1027 2458 feras
1044 2396 1075 2459 et
1090 2394 1210 2479 gladios

95 2501 189 2583 atque
211 2501 272 2566 alia
285 2499 482 2583 postularetis
498 2498 718 2581 suppliciorum
734 2497 767 2561 in
781 2515 835 2562 nos
853 2515 974 2580 genera,
996 2497 1107 2579 quibus
1123 2497 1211 2562 sitim

56 2628 86 2670 ro
96 2602 203 2668 soletis
236 2606 374 2668 uestram
405 2602 504 2668 nostri
536 2602 694 2685 sanguinis
728 2600 915 2682 adpetitione
948 2601 1094 2682 proluere.
1140 2617 1210 2664 cum

96 2725 170 2772 uero
191 2725 246 2788 per
267 2724 322 2770 uos
344 2706 427 2789 ipsos
442 2723 534 2789 prope
549 2704 650 2768 omnis
665 2721 739 2787 gens
755 2704 918 2768 numinum
933 2702 989 2768 sub
1005 2703 1211 2769 ostentatione

95 2807 223 2874 tollatur
248 2809 442 2893 ingeniorum
464 2809 556 2889 atque
579 2807 748 2883 doctrinae,
779 2805 898 2872 audetis
919 2807 1090 2886 intendere,
1113 2808 1210 2872 nostri

96 2912 230 2977 nominis
258 2931 350 2977 causa
377 2931 425 2977 res
453 2911 604 2976 humanas
633 2909 671 2974 ab
700 2910 759 2974 diis
781 2910 894 2992 premi,
925 2927 995 2975 cum
1022 2910 1160 2992 quidem,
1183 2912 1210 2976 si

96 3034 206 3080 uerum
228 3017 275 3080 est
297 3033 362 3080 esse
383 3015 455 3079 illos
478 3015 599 3096 uspiam
621 3014 712 3096 atque
734 3015 914 3080 incalescere
928 3016 1044 3079 irarum
1066 3013 1210 3093 flammis,

56 3117 177 3186 cenibil
197 3117 330 3183 habeant
350 3118 464 3183 iustius
485 3119 609 3199 propter
629 3118 710 3199 quod
730 3117 762 3181 in
783 3135 838 3182 uos
859 3117 998 3182 saeuiunt
1019 3135 1111 3199 quam
1130 3119 1210 3201 quod

95 3238 148 3286 eos
170 3221 290 3304 negatis
313 3220 478 3286 subsistere
500 3238 597 3302 neque
619 3219 684 3285 ulla
702 3238 767 3285 esse
782 3221 814 3285 in
830 3221 916 3302 parte
938 3221 1075 3286 naturae.
1106 3221 1209 3285 Musas
1220 3222 1258 3285 31

96 3323 238 3388 Mnaseas
265 3323 312 3388 est
340 3322 446 3389 auctor
473 3322 554 3387 filias
584 3341 649 3389 esse
670 3322 802 3387 Telluris
829 3325 861 3386 et
884 3321 985 3400 Caeli,
1012 3323 1096 3388 Iouis
1117 3323 1210 3388 ceteri

94 3425 271 3509 praedicant
293 3445 328 3490 er
343 3425 494 3491 Memoria
516 3443 607 3490 uxore
630 3427 679 3490 uel
699 3427 815 3504 Mente,
838 3426 893 3490 has
916 3425 1042 3508 quidam
1064 3425 1218 3509 uirgines·

132 3699 147 3750 1
160 3697 287 3752 meacm
297 3697 422 3766 mesi:
439 3695 611 3750 intercidisse
624 3694 737 3748 uidetur
748 3711 900 3750 consensum
992 3698 1091 3766 sensns]
1105 3713 1211 3750 censum

100 3783 156 3838 Urs
265 3781 515 3850 simplicitatemque
532 3783 560 3835 P
577 3781 776 3850 simplieitatem
798 3781 846 3837 ces
956 3783 1072 3837 alcaei
1090 3783 1144 3838 Sub

96 3870 114 3924 5
132 3869 232 3922 umber
242 3867 478 3922 Heldebruadias:
496 3869 556 3921 uter
573 3868 601 3920 P
616 3868 685 3921 uerti
698 3867 752 3922 Sed
853 3867 870 3921 6
882 3884 895 3922 e
907 3868 999 3922 muudi
1012 3870 1039 3923 P
1049 3885 1111 3923 corr
1122 3874 1144 3923 c‘

96 3952 299 4022 susquesao:
316 3955 471 4022 utaequeP
572 3954 657 4022 sque
670 3954 803 4008 Pcocrc⁴
906 3954 938 4008 12
955 3954 1095 4008 numinum
1106 3953 1168 4019 Scb,
1182 3971 1211 4008 r:

95 4040 273 4094 nominumP
348 4039 382 4093 15
393 4039 500 4093 omniuo
516 4039 582 4094 Urs:
594 4039 740 4107 quinimmo
753 4039 780 4092 P
859 4041 892 4094 16
903 4055 950 4094 uos
962 4041 1017 4095 Sub
1097 4039 1212 4094 18esset

97 4125 165 4180 Sco:
178 4141 234 4178 esse
246 4124 272 4177 P
356 4124 460 4193 gladios
473 4123 542 4179 Sub.-
555 4123 660 4194 gladius
671 4125 699 4178 P
790 4125 822 4180 19
834 4126 999 4195 suppliorum
1012 4126 1038 4179 P
1048 4130 1144 4180 corrc⁴

96 4229 130 4282 21
149 4227 327 4282 ostentatione
345 4225 413 4281 Sub.-
436 4212 612 4281 ostentatione
628 4227 656 4280 P
782 4229 815 4282 23
832 4229 976 4297 praemiP
1102 4229 1211 4298 quidam

97 4313 155 4368 Sub
256 4312 291 4366 24
308 4314 452 4366 uerumest
465 4311 535 4365 Sat.-
552 4311 744 4368 liberumetP
844 4315 877 4369 25
895 4331 941 4369 uos
959 4315 1027 4370 Sub:
1050 4331 1100 4370 nos
1118 4317 1146 4370 P

96 4400 131 4454 26
154 4399 209 4454 ulla
231 4398 298 4453 ses:
315 4413 368 4451 una
386 4398 413 4451 P
513 4398 546 4451 27
564 4397 684 4453 Mnaseas
707 4401 771 4454 ces:
788 4415 920 4455 mussseas
939 4403 966 4456 P
