2888 5008
546 499 643 554 Liber
660 499 720 554 VII.
1125 497 1188 565 239
1269 503 1272 512 ¹

70 675 124 739 est
145 691 263 758 genere,
287 673 351 738 suis
374 689 438 737 esse
458 673 491 737 in
512 672 653 756 partibus
674 671 777 737 minus
799 673 854 738 aut
874 671 944 754 plus
965 672 1067 755 potest
1088 670 1188 754 quali-

69 778 151 842 tatis
172 775 314 859 propriae
335 775 547 840 uniformitate
569 776 701 840 seruata.
730 775 810 857 quod
832 793 903 839 cnm
918 773 1047 840 dubium
1062 792 1121 839 non
1136 773 1188 852 sit,

70 881 216 964 sequitur
236 881 274 944 ut
294 879 393 963 geniti
418 897 588 962 numquam
609 878 808 962 perpetuique
828 880 865 944 ut
886 877 1015 944 debeant
1036 895 1112 958 esse,
1136 897 1188 944 ex-

69 985 227 1049 trinsecus
255 983 434 1065 adpetentes
463 981 542 1047 nihil
570 1000 625 1046 neo
654 983 813 1064 carpentes
841 981 959 1066 aliquas
987 983 1126 1047 terrenae
1152 1001 1188 1047 er

45 1087 222 1153 amassiae
238 1085 346 1169 opibus
360 1085 543 1167 uoluptates.
567 1102 638 1168 ergo
653 1085 769 1151 sidaec
784 1086 830 1151 ita
851 1085 935 1165 sunt,
957 1085 1094 1168 primum
1106 1083 1216 1151 inodo
1288 1136 1290 1146 .

69 1179 99 1256 a'
115 1190 204 1255 uobis
227 1187 397 1272 expetimus
418 1205 556 1268 noscere,
583 1205 660 1270 quae
683 1188 724 1253 sit
745 1205 849 1268 musa,
871 1207 955 1272 quae
977 1188 1073 1266 ratio,
1096 1189 1189 1254 sacri-

67 1293 146 1359 ficia
167 1292 203 1356 nt
224 1291 285 1356 ista
311 1289 446 1369 faciatis,
477 1290 552 1372 quid
579 1289 689 1356 deinde
711 1309 746 1355 er
767 1291 825 1356 hoc
848 1291 932 1360 ¹lucri
954 1293 993 1358 ad
1014 1295 1085 1359 deos
1108 1293 1190 1376 ipsos

69 1395 236 1481 perueniat
259 1395 351 1476 atque
365 1393 399 1457 in
414 1410 519 1458 eorum
535 1393 767 1458 commoditates
783 1394 930 1460 subsidat.
946 1395 1093 1479 quioquid
1107 1397 1190 1461 enim

70 1501 210 1584 geritur,
238 1499 328 1563 debet
357 1495 469 1561 habere
501 1513 625 1560 causam
653 1495 701 1560 sui
729 1513 826 1578 neque
856 1496 903 1562 ita
925 1515 990 1563 esso
1012 1500 1050 1583 ab
1072 1499 1190 1566 ratione

33 1603 268 1686 1⁰seiunctum,
301 1593 338 1664 nt
358 1601 393 1663 in
425 1597 565 1682 operibus
598 1598 723 1682 geratur
754 1599 848 1664 cassis
871 1600 902 1664 et
923 1600 956 1666 iu
976 1601 1082 1668 uacuis
1103 1601 1192 1668 ludat

70 1705 239 1772 inanitatis
266 1701 430 1768 erroribus.
462 1700 613 1782 numquid
642 1701 721 1766 forte
748 1699 793 1766 dii
821 1703 967 1768 caelestes
995 1705 1122 1770 aluntur
1142 1705 1191 1770 his

72 1809 171 1874 sacris
198 1808 229 1872 et
257 1807 297 1871 ad
323 1821 428 1870 eorum
461 1805 659 1888 conpaginem
687 1804 881 1870 retinendam
909 1807 1087 1873 nonnullius
1117 1825 1191 1891 opus

72 1912 125 1976 est
146 1909 323 1975 suffectione
344 1906 514 1972 materiae?
546 1908 578 1972 et
599 1907 668 1988 quis
689 1907 736 1972 ita
757 1911 804 1972 est
824 1908 987 1975 hominnm
1009 1911 1083 1976 deus
1105 1929 1191 1995 pror·
1262 1921 1264 1930 '

72 2033 130 2082 sus
152 2014 205 2096 qui
226 2012 269 2077 sit
289 2012 444 2097 ignorans,
467 2011 503 2075 ut
524 2027 574 2075 eos
600 2008 605 2094 1
630 2009 786 2076 existimet
808 2012 957 2078 contineri
980 2014 1110 2080 adonius
1133 2015 1291 2081 ali-creo

36 2140 63 2179 re
72 2117 175 2182 monii
201 2135 311 2200 genere
339 2115 370 2180 ot
398 2115 459 2180 cibi
486 2133 551 2180 esse
580 2133 692 2180 munus
719 2114 800 2197 quod
827 2135 877 2182 eos
905 2117 1001 2183 iaciat
1027 2118 1132 2183 uiuere
1161 2119 1193 2184 et

72 2222 248 2285 inmensam
271 2219 304 2282 in
324 2218 562 2301 perpetuitatem
591 2215 723 2282 durare?
757 2218 901 2301 quicquid
930 2221 1012 2285 enim
1039 2221 1138 2287 causis
1161 2223 1192 2287 et

73 2322 169 2390 rebus
191 2321 320 2388 fulcitur
342 2321 502 2399 extraneis,
524 2337 643 2384 necesse
666 2321 801 2386 estesse
823 2323 955 2388 mortale
977 2324 1008 2388 et
1027 2324 1137 2389 habere
1152 2325 1192 2390 ad

72 2426 248 2510 perieulum
264 2425 347 2497 uiam
362 2425 499 2507 pronam,
520 2423 574 2488 ubi
591 2423 709 2505 aliquid
724 2425 857 2507 cooperit
872 2425 975 2491 deesse
990 2445 1048 2509 quo
1064 2428 1191 2494 uiuitur.

73 2533 146 2595 tum
169 2564 202 2596 u
224 2528 305 2609 quod
332 2545 368 2591 er
394 2526 443 2590 his
470 2524 561 2590 rebus
592 2544 668 2608 quoe
700 2527 903 2592 admouentur
932 2529 1083 2596 altaribus
1111 2529 1191 2596 nihil

37 2633 220 2698 sonidemus
252 2630 392 2697 atemere
424 2631 516 2712 atque
544 2629 583 2694 ad
611 2629 775 2694 numinum
808 2630 997 2698 substantias
1023 2633 1190 2715 peruenire.

73 2737 131 2802 aut
156 2737 242 2800 enim
267 2737 320 2800 tus
348 2735 440 2799 datur
469 2734 501 2798 et
529 2733 731 2816 liquefactum
759 2735 940 2801 carbonibus
967 2736 1109 2819 disperit,
1139 2738 1193 2803 ant

73 2840 221 2906 animalis
245 2839 291 2904 ost
312 2837 414 2904 hostia
435 2838 466 2902 et
488 2838 526 2904 ab
549 2839 674 2904 canibus
697 2839 901 2922 abligurritur
922 2841 1061 2924 sanguis,
1090 2843 1145 2906 aut
1166 2843 1194 2908 si

74 2944 203 3025 aliquod
229 2942 331 3007 uiscus
358 2941 419 3006 aris
445 2940 538 3006 fuant
566 2941 735 3022 traditum,
766 2942 883 3008 ratione
910 2944 1041 3008 ardescit
1067 2944 1136 3026 pari
1163 2946 1194 3010 et

75 3045 265 3110 dissolutum
285 3045 319 3109 in
341 3044 475 3110 cinerem
496 3044 621 3110 labitur.
652 3045 714 3110 nisi
736 3043 816 3110 forte
838 3045 1008 3111 hostiarum
1029 3046 1104 3114 deus
1126 3047 1193 3112 ani·

39 3167 64 3207 a
74 3166 146 3212 mas
179 3148 306 3213 deuoret
331 3149 386 3213 ant
414 3167 450 3212 er
481 3147 543 3212 aris
570 3147 750 3214 ardentibus
778 3147 914 3214 nidorem
943 3150 1137 3217 consectatur
1162 3152 1194 3216 et

75 3251 196 3330 fumos,
224 3251 421 3334 pasciturque
443 3251 480 3316 de
507 3249 614 3332 enisis,
643 3269 718 3333 quas
746 3253 893 3317 euomunt
914 3252 1054 3318 ardentia
1074 3254 1194 3320 monera

75 3352 180 3420 adhuc
207 3355 268 3418 uda
296 3353 333 3417 de
360 3353 508 3437 sanguine
531 3355 563 3419 et
584 3353 737 3436 prioribus
765 3356 887 3421 umecta
909 3356 947 3420 de
969 3356 1058 3422 sucis.
1092 3357 1145 3422 sed
1168 3357 1195 3422 si

76 3457 155 3522 deus
182 3458 219 3522 nt
246 3456 359 3521 dicitur
387 3456 504 3520 nullius
531 3457 578 3521 ost
606 3457 738 3538 corporis
766 3457 908 3539 omnique
931 3458 978 3524 est
999 3459 1195 3543 incontiguus

75 3561 182 3637 tactu,
205 3559 257 3641 qui
278 3558 345 3624 fieri
366 3559 448 3642 potis
471 3559 533 3642 est,
562 3561 597 3624 nt
619 3559 828 3643 corporalibus
854 3559 945 3624 rebus
968 3561 1123 3626 nutriatur
1145 3564 1195 3628 in-

40 3680 66 3720 ao
76 3681 267 3744 corporeum,
292 3661 372 3745 quod
394 3663 524 3727 mortale
546 3663 592 3727 est
613 3663 649 3727 ut
669 3663 833 3728 inmortale
854 3663 1005 3728 sustineat
1025 3665 1195 3749 subdatque

113 3915 267 3970 4terrenae
290 3916 355 3970 Uro:
381 3919 495 3970 terrenas
513 3917 540 3970 P
675 3917 692 3970 6
716 3915 844 3971 sacmfioia
866 3917 930 3972 Urs:
957 3918 1078 3973 sacrificii
1100 3920 1128 3974 P

78 4003 98 4056 8
125 4001 323 4056 commoditates
346 4002 522 4056 Stcwecbiuo:
550 4001 737 4056 commoditate
759 4003 787 4056 P
920 4004 1055 4059 subsideat
1072 4004 1128 4060 Sub

79 4087 116 4142 10
128 4088 234 4157 geratur
245 4088 353 4156 scripsi:
370 4086 510 4141 feraturP
526 4089 629 4142 teratur
640 4087 858 4144 Hadeoroadau
960 4091 993 4145 16
1009 4090 1195 4147 inmensamin

78 4172 284 4244 perpetuitatem
302 4174 413 4242 scopu.-
439 4174 556 4228 inmensa
574 4173 603 4226 in
620 4175 796 4242 perpetuitate
815 4176 842 4229 P
953 4176 985 4229 19
1002 4178 1128 4232 Meaowm
1144 4179 1195 4250 sip

78 4259 152 4313 aaut
297 4261 330 4313 21
348 4258 410 4314 thus
428 4260 455 4314 P
589 4259 622 4312 26
644 4258 733 4314 fumus
751 4261 778 4315 P
793 4277 855 4316 corr
877 4278 891 4316 c
1025 4263 1057 4318 27
1076 4263 1127 4318 uda
1146 4264 1196 4320 Gal

80 4343 164 4412 (huda
176 4343 356 4414 Sabinam:
374 4345 479 4400 sudaP
564 4344 706 4415 prioribus]
720 4347 1128 4418 cruorisMcarsa‘aopropriis?

79 4431 115 4486 28
133 4430 321 4510 incontingens
339 4433 367 4487 P
382 4448 446 4488 corr
547 4431 580 4486 29
598 4433 685 4500 potest
703 4432 759 4487 Sub
