2950 5006
593 473 692 528 hiber
709 475 731 528 l.
1176 481 1215 546 17

98 645 271 728 impietatis
293 647 325 710 et
346 645 501 730 sacrilegii
521 647 622 730 plena
645 648 846 732 caerimonias
866 649 1039 731 antiquitus
1053 649 1214 717 institutas

98 747 249 814 nouitatis
275 765 347 813 suae
374 749 588 832 superstitione
615 750 848 847 contaminans?
884 751 1007 817 hoccine
1034 753 1080 817 ost
1102 756 1263 836 quaesobt

85 850 199 930 ,audax
220 850 298 916 illud
319 851 440 916 facinus
463 850 651 931 stimans,
681 853 907 935 propterquod
935 853 1062 920 maximi
1092 855 1215 922 caelites

102 953 108 1038 Ι
134 953 255 1020 aculeos
287 953 401 1018 innoc
429 953 592 1020 intendunt
618 955 736 1020 irarum
762 956 853 1038 atque
886 957 1131 1041 indignationum
1163 977 1272 1030 sn·r.e

74 1073 203 1135 samm,
236 1058 467 1140 propterquod
498 1077 552 1124 uos
580 1058 654 1140 ipsi,
688 1077 759 1124 cunr
790 1059 887 1124 libido
918 1060 1078 1126 incesserit
1098 1079 1214 1140 ¹saeue,

99 1158 212 1224 exuitis
233 1177 288 1224 nos
310 1160 407 1240 bonis,
430 1160 640 1226 exterminatis
653 1161 762 1243 petriis
781 1160 913 1240 sedibus,
934 1162 1084 1248 inrogatis
1099 1164 1216 1247 suppli·

98 1263 148 1328 cia
176 1263 337 1344 capitalia,
364 1264 512 1345 torquetis
549 1264 729 1328 dilaceratis
756 1265 881 1329 exuritis
918 1268 949 1330 et
975 1266 1014 1330 ad
1046 1267 1215 1332 extremum

98 1383 156 1430 nos
181 1365 254 1431 feris
280 1366 311 1430 et
336 1367 495 1434 beluarum
516 1367 685 1433 laniatibus
706 1367 891 1433 oblectatio?
921 1368 1058 1450 quisquis
1079 1368 1162 1434 istud
1183 1369 1216 1434 in

17 1484 26 1492 ”
84 1468 190 1534 'nobis
211 1468 338 1536 demat
360 1469 468 1536 autin
497 1469 601 1552 eliqua
628 1470 714 1535 ducit
736 1470 950 1536 criminatione
979 1471 1167 1552 ponendum,
1189 1471 1217 1537 is

60 1572 157 1640 roeut
184 1571 306 1637 nomine
335 1573 535 1656 appellandus
565 1574 611 1638 est
639 1573 788 1651 hominis,
820 1574 962 1656 quamuis
990 1571 1045 1638 ille
1073 1574 1216 1640 uideatur

100 1673 175 1755 sibi,
198 1676 253 1741 aut
275 1677 349 1740 deus
371 1693 436 1740 esse
457 1676 622 1742 medendus
645 1679 705 1754 est,
732 1677 874 1757 quemuis
895 1677 962 1758 ipse
983 1695 1016 1740 se
1039 1694 1105 1740 esse
1131 1676 1217 1742 mille

99 1776 279 1860 profiteatur
301 1778 335 1842 in
356 1777 502 1844 rabbus?
537 1777 680 1860 profanos
702 1794 766 1856 nos,
795 1776 906 1861 impios
927 1771 1107 1844 Dodonaeus
1129 1781 1216 1848 aute

99 1878 242 1962 Iuppiter
261 1880 414 1962 nominat,
436 1881 467 1945 et
488 1879 553 1962 ipse
576 1881 693 1946 dicetur
714 1881 788 1946 dous
810 1882 902 1963 atque
922 1882 955 1946 in
977 1880 1082 1946 ordine
1104 1898 1217 1962 conpu-

100 1983 220 2048 tabitur
248 1983 425 2063 numinum,
462 1983 516 2065 qui
541 1986 595 2048 aut
624 2001 745 2048 summo
774 1983 978 2049 somniantibus
1007 1983 1073 2066 regi
1102 1985 1217 2048 crimen

63 2115 90 2152 ra
99 2086 271 2168 impietatis
292 2085 424 2169 adfingit
445 2087 500 2152 aut
524 2086 582 2151 sibi
596 2088 759 2168 torquetur
780 2087 973 2152 maiestatem
994 2087 1060 2151 eius
1082 2087 1147 2151 cult
1202 2121 1217 2136 ·

101 2207 160 2270 quc
181 2188 346 2272 praeponi?
368 2189 476 2254 Delius
490 2189 602 2270 Apollo
622 2189 672 2254 uel
698 2187 828 2267 Clarius,
851 2189 1039 2271 Didymaeus
1063 2188 1217 2254 Philesius

100 2292 234 2375 Pythius
249 2295 273 2372 t
286 2292 366 2358 ethis
387 2290 543 2356 habendus
566 2291 690 2356 diuinus
713 2293 768 2369 est,
792 2291 845 2372 qui
866 2291 920 2356 aut
942 2310 1098 2356 summum
1119 2293 1217 2375 impe·

100 2396 234 2460 retorem
256 2394 354 2459 nescit
376 2383 430 2458 aut
450 2395 572 2477 ignorat
593 2413 612 2458 e
633 2395 720 2460 nohis
747 2394 909 2460 cotidianis
932 2394 960 2460 ei
981 2395 1121 2476 precibus
1144 2414 1216 2476 sup·

100 2497 232 2580 plicari?
254 2498 307 2579 qui
329 2497 356 2561 si
376 2500 534 2580 pectorum
561 2499 677 2562 secreta
701 2497 833 2563 nesciret
860 2515 916 2562 nec
941 2497 1015 2579 quid
1039 2498 1072 2560 in
1097 2497 1217 2562 intimis

63 2599 242 2671 adsensibus
264 2600 474 2665 contineamus
497 2601 683 2683 agnosceret,
706 2618 862 2680 sprnrnurn
883 2601 987 2664 tamen
1001 2600 1141 2666 inuocare
1162 2619 1216 2666 nos

100 2705 194 2768 deum
215 2706 247 2768 et
268 2705 306 2768 ah
329 2723 363 2770 eo
385 2703 466 2784 quod
492 2703 683 2786 postulemus
705 2720 790 2768 orare
810 2705 861 2768 uel
882 2702 1007 2768 auribus
1024 2702 1125 2786 potuit
1139 2703 1217 2768 seire

101 2806 153 2871 nel
175 2806 272 2889 ipsius
300 2807 383 2870 uocis
410 2823 482 2871 sono
504 2824 565 2887 qua
594 2805 710 2870 utimur
729 2805 761 2869 in
782 2805 923 2888 precibus
950 2805 1109 2872 noscitare.
1142 2814 1265 2877 non-tt

102 2908 178 2974 dum
205 2910 252 2973 est
278 2909 363 2974 locus
395 2909 431 2972 ut
457 2907 657 2991 explicemus,
691 2923 795 2973 omnes
827 2908 881 2973 isti
908 2908 1042 2989 quinos
1070 2907 1217 2975 damnant

102 3011 156 3093 qui
178 3011 241 3076 sint
261 3014 312 3076 nel
333 3011 413 3076 unde
439 3010 512 3089 sint,
535 3011 686 3092 quantum
711 3009 832 3092 possint
856 3011 907 3075 uel
931 3013 1080 3090 uenerint,
1103 3029 1156 3076 cur
1177 3011 1217 3077 ad

64 3143 92 3182 aa
102 3112 219 3179 Christi
242 3115 380 3197 pareant
409 3113 610 3191 mentionem,
642 3111 807 3194 discipulos
837 3132 891 3178 cnr
914 3114 978 3179 eius
1000 3113 1216 3187 inimicoshc-

102 3216 199 3282 beant
219 3218 251 3281 et
272 3218 403 3282 inuisosr
426 3216 506 3298 quod
530 3218 635 3282 tamen
659 3215 829 3280 humanum
853 3217 1067 3299 pollicentibus
1093 3235 1217 3282 sensum

103 3339 164 3385 una
191 3319 304 3402 pariter
332 3318 509 3384 definitione
537 3319 683 3403 ligamus:
712 3319 793 3384 nibil
815 3338 922 3387 sumus
944 3321 1030 3386 aliud
1052 3319 1217 3386 Christiani

102 3424 164 3488 nisi
196 3423 345 3507 magistro
372 3421 493 3488 Christo
527 3422 640 3488 summi
667 3422 749 3506 regis
776 3441 812 3488 ec
833 3422 979 3506 principis
1008 3423 1215 3504 ueneratores3

107 3525 231 3609 lnihil,
265 3526 292 3590 si
324 3526 509 3604 consideres,
542 3525 627 3591 aliud
658 3526 796 3590 inuenies
823 3526 856 3591 in
886 3526 948 3591 ista
973 3525 1120 3611 religione
1146 3545 1284 3608 uer-reb
1367 3568 1378 3594 .

138 3796 436 3852 learimoniesPcorr
510 3797 646 3851 deraditis
659 3798 687 3851 P
752 3813 801 3851 nos
814 3797 988 3852 Scb:nonP
1058 3799 1221 3852 8uel¹²nrum

104 3884 204 3937 Pcorr
301 3883 416 3939 rotund
429 3885 483 3940 Scb
579 3883 696 3937 numinis
714 3883 766 3938 Ure
863 3882 1046 3940 unaucurt
1144 3883 1220 3937 mille

104 3969 196 4023 Salac:
224 3969 338 4024 similem
365 3973 391 4022 P
524 3970 557 4023 12
581 3968 706 4038 profanos
738 3959 804 4023 Urs:
837 3967 976 4038 profanetur
1002 3968 1030 4022 P
1055 3967 1221 4037 Trophonius

104 4056 236 4110 Pithoeus
338 4055 661 4123 cutimpiosDodoncaue
679 4056 732 4112 Urs
823 4055 995 4111 dodoneusP
1094 4054 1221 4108 luerem

104 4141 229 4212 siccaue:
247 4141 327 4196 abac
339 4142 415 4206 Iocis
427 4155 573 4210 cognomen
583 4141 753 4198 immodice
764 4141 877 4196 eddetm
968 4141 1001 4196 16
1012 4140 1116 4210 appollo
1126 4141 1153 4197 P

104 4227 253 4281 didimaeus
276 4226 305 4279 P
437 4225 541 4280 falesius
562 4227 591 4280 P
725 4228 756 4282 l'l
780 4230 808 4282 et
830 4227 854 4280 is
878 4227 933 4282 aad
949 4228 981 4280 in
998 4242 1058 4282 err:
1075 4242 1222 4297 cognomen

104 4312 246 4380 Apollinis
258 4310 423 4378 (Smintheus
440 4311 560 4380 pctore
571 4313 693 4380 ereptor
789 4311 968 4368 23istosdcb
1062 4312 1221 4368 rehabeant

108 4397 180 4452 Sub.-
197 4397 335 4452 habentP
437 4397 469 4451 27
487 4396 595 4452 fleamus
609 4397 636 4452 P
652 4413 713 4453 corr
817 4397 885 4452 aliut
902 4398 930 4452 P
945 4413 1006 4453 corr

209 4501 256 4557 IV.
1103 4505 1120 4558 2
