2916 5010
256 459 319 526 154
555 454 698 511 Arnobii
722 455 883 510 aduersas
907 453 1065 509 nationes

256 648 367 715 ergone
388 628 575 694 Mineruium
607 645 718 694 nomen
746 627 782 692 ιι
810 625 889 692 fares
916 624 1069 709 parricida
1101 625 1244 710 petulans
1273 627 1306 690 ιι
1337 643 1376 690 ex

255 732 367 799 amoris
387 731 498 797 inoesti
520 729 780 796 contaminatione
801 729 932 812 penate,
956 747 1033 810 quae
1047 728 1122 793 dum
1136 729 1169 794 te
1184 726 1262 792 ineis
1279 727 1377 810 atque

256 837 375 903 artibus
396 834 507 900 exeplis
522 832 714 912 meretriciis,
738 833 833 900 etiam
847 833 946 916 patris
959 833 993 897 in
1008 833 1040 898 ιι
1055 832 1191 898 mentem
1205 831 1377 898 funalibus

256 941 346 1024 plane
368 938 590 1022 cupiditatibus
613 936 777 1003 exeitasti?
806 955 899 1021 perge
920 936 1031 1020 igitur,
1065 936 1150 1002 aliud
1172 935 1231 1000 tibi
1259 954 1376 1018 quaere

256 1045 394 1128 signum3
416 1061 488 1107 nam
510 1059 579 1106 mea
600 1058 647 1106 res
666 1040 730 1106 ista
745 1039 801 1118 est,
825 1057 917 1122 qaam
931 1038 1022 1104 Nilus
1037 1038 1190 1104 maximus
1205 1037 1376 1104 fluminum
1395 1061 1407 1099 ι

250 1147 342 1230 aquis
371 1144 529 1231 generauit
552 1161 587 1209 ex
608 1143 736 1225 liquidis
759 1144 791 1208 ιι
812 1142 845 1207 in
867 1142 1022 1225 uirgineos
1050 1141 1176 1207 babitus
1199 1141 1277 1206 roris
1300 1159 1375 1207 oon-

256 1249 390 1316 oretione
412 1246 564 1313 oonduxit.
595 1245 703 1327 quodsi
723 1244 816 1310 fidem
829 1245 960 1327 inquiris
974 1245 1059 1323 laeti,
1084 1245 1254 1329 Aegyptios
1269 1246 1303 1310 et
1317 1261 1375 1329 ego

256 1355 350 1418 testes
381 1350 476 1428 dabo,
506 1366 636 1431 quornm
664 1367 734 1412 snm
754 1346 852 1413 Neith
874 1348 997 1432 lingua,
1023 1347 1165 1414 Platonis
1188 1347 1375 1414 testificante

257 1455 390 1520 Timaeo.
425 1451 499 1534 quid
522 1451 631 1516 deinde
662 1450 849 1516 arbitremur
870 1450 956 1516 lore?
989 1450 1156 1516 desistetne
1179 1452 1210 1516 ιι
1231 1450 1289 1515 illa
1310 1450 1375 1515 Mi·

256 1576 382 1623 neruam
404 1573 436 1620 se
458 1555 566 1632 disere,
589 1553 638 1618 oui
660 1552 860 1638 Coryphasiae
883 1571 994 1620 nomon
1017 1555 1064 1619 est
1085 1553 1137 1618 uel
1159 1573 1195 1619 ιι
1216 1552 1404 1638 Coryphaeus

255 1659 365 1725 matris
386 1658 474 1742 signo
496 1657 547 1722 uel
569 1656 649 1738 qnod
671 1675 707 1721 ex
728 1657 843 1722 nertioe
865 1675 985 1723 summo
1000 1656 1083 1721 Iouis
1104 1674 1245 1740 parmam
1269 1656 1374 1721 ferens

257 1762 384 1828 emicuit
411 1762 503 1843 atque
533 1779 687 1824 umorum
709 1759 846 1825 aeoineta
867 1759 1059 1825 terroribus?
1092 1761 1147 1825 aut
1168 1759 1272 1839 illam,
1297 1777 1375 1842 quae

257 1865 351 1930 tertia
378 1867 439 1944 est,
470 1881 622 1929 oessnram
649 1863 801 1946 patienter
828 1864 974 1950 nomine?
1006 1868 1038 1928 at
1059 1883 1120 1930 non
1142 1864 1233 1928 dietis
1255 1863 1375 1928 talibus

256 1967 432 2032 habituram
453 1966 605 2032 rationem
626 1966 675 2031 sui
690 1967 722 2032 et
734 1966 907 2048 primarum
920 1967 1136 2050 adrogantiam
1150 1966 1373 2032 refutaturam:

256 2071 342 2136 itane
363 2071 398 2135 ιι
419 2070 511 2134 audes
532 2069 725 2150 maiestatem
739 2069 800 2134 tibi
814 2069 875 2134 mei
889 2069 1021 2134 nominis
1044 2087 1190 2156 usurpare
1211 2069 1374 2166 sinuatam,
1383 2093 1403 2133 ι
1450 2147 1451 2170 Χ

257 2192 293 2238 ax
315 2191 406 2238 oaeno
428 2175 459 2238 et
481 2191 517 2237 ex
539 2171 716 2256 gurgitibus
744 2169 867 2254 prodita
894 2171 1115 2256 eoaguletaque
1143 2173 1287 2237 limosis?
1321 2173 1376 2237 ιιι

256 2276 316 2342 tibi
337 2278 373 2341 tu
395 2276 528 2340 alienam
550 2275 745 2358 dignitatem,
757 2274 894 2339 adsumis
917 2275 998 2355 deae,
1022 2293 1099 2357 quae
1117 2277 1156 2340 de
1171 2277 1288 2341 uertioe
1302 2294 1375 2358 pro·

252 2382 392 2446 ereatam
420 2379 560 2445 mentiris
582 2379 614 2444 ιι
636 2378 720 2443 Iouis
742 2379 773 2443 et
800 2379 949 2444 rationem
977 2380 1008 2444 te
1031 2379 1304 2445 essemortalibus
1326 2379 1376 2442 in·

259 2483 426 2567 aptissimis
448 2481 577 2548 suades?
611 2500 647 2546 ιι
668 2482 768 2565 eapite
790 2481 909 2565 Iupiter
931 2483 1090 2566 eonoeptos
1111 2482 1194 2548 filios
1210 2483 1375 2564 prooreet?
1449 2501 1450 2506 ¹

258 2587 290 2652 et
311 2587 347 2651 ιι
368 2604 454 2651 arma
486 2604 564 2667 quae
597 2587 699 2668 gestes
726 2585 853 2666 procudi
874 2585 993 2669 possint
1016 2588 1047 2651 et
1068 2585 1222 2664 fabricari,
1246 2585 1281 2649 in
1304 2603 1407 2650 uer-a

188 2699 206 2754 f.
217 2703 250 2754 ιι
259 2689 330 2754 tiois
357 2687 361 2772 l
386 2688 484 2772 ipsius
515 2705 588 2752 oauo
613 2687 737 2780 officina
766 2687 889 2754 febrilis
916 2688 991 2767 fuit,
1020 2690 1144 2755 incudes
1176 2687 1283 2754 mallei
1313 2688 1377 2753 sor-

258 2810 347 2857 naees
380 2792 468 2855 folles
501 2789 644 2856 oarbones
677 2791 708 2854 et
741 2790 882 2856 forfices?
922 2794 975 2856 ιιι
1009 2791 1035 2857 si
1069 2811 1177 2858 uerum
1210 2791 1268 2858 ιιι
1294 2791 1377 2873 quod
1448 2797 1449 2802 ’

258 2893 426 2973 masuetus,
449 2893 600 2957 rationem
621 2893 652 2958 te
674 2912 748 2972 asse,
771 2894 885 2959 desiste
905 2893 965 2960 tibi
982 2912 1095 2960 nomen
1116 2894 1149 2959 id
1171 2895 1253 2988 quod
1268 2914 1376 2961 meum

259 2999 306 3064 ιιι
328 2997 500 3062 uindicare:
530 3014 601 3061 nam
630 3015 723 3078 quam
745 2997 822 3063 dieis
843 2997 921 3063 ratio
949 3015 1008 3063 non
1030 2999 1077 3062 est
1099 2998 1214 3082 speeies
1237 2998 1376 3064 numinis

259 3101 342 3165 certa
371 3100 425 3164 sed
451 3100 647 3165 obscurarum
669 3098 883 3185 intellegentia
906 3117 1076 3166 causarum.
1111 3100 1242 3185 si'ergo
1267 3103 1303 3166 ut
1326 3101 1406 3167 dia

258 3203 368 3280 umas,
391 3202 492 3268 officia
512 3202 600 3268 nobis
622 3202 808 3268 adeuntibus
828 3203 974 3287 religiosa
987 3204 1148 3270 Mineruae
1163 3204 1269 3270 adsint
1285 3204 1375 3286 qnin-

360 3373 503 3441 9p.2le

293 3530 308 3582 1
325 3528 394 3583 iares
410 3529 475 3583 Urs.-
491 3529 559 3583 ieras
570 3513 598 3583 P
611 3513 664 3583 fars
677 3529 732 3583 Sub
815 3528 833 3581 4
849 3528 928 3598 plane
945 3529 1011 3583 Ure.-
1028 3529 1134 3598 plenam
1148 3529 1176 3583 P
1260 3530 1277 3583 6
1294 3543 1374 3598 geno·

257 3614 330 3669 rabit
348 3616 375 3670 P
391 3631 452 3668 oorr
552 3615 569 3669 8
587 3631 645 3668 sam
662 3613 745 3668 Neith
764 3614 854 3668 saom
874 3614 925 3668 nili
943 3616 970 3669 P
987 3614 1069 3672 Neitb
1091 3615 1232 3683 Caeteros,
1256 3615 1308 3670 Ure

258 3701 351 3770 lingua
368 3700 440 3754 dioor
462 3699 512 3754 aa
641 3699 761 3754 Platonis
779 3699 848 3752 aar:
872 3699 970 3754 tatonis
988 3702 1015 3754 P
1145 3702 1161 3756 9
1179 3703 1261 3754 timeo
1279 3701 1308 3755 P

258 3787 292 3842 10
308 3785 451 3856 ooryfasiae
468 3785 495 3839 P
604 3785 708 3854 ooryfae
725 3785 752 3838 P
783 3826 787 3834 .
853 3786 886 3838 12
903 3802 1020 3840 amorum
1039 3788 1066 3842 P
1076 3803 1137 3842 oorr
1239 3787 1272 3840 13
1289 3802 1375 3840 ιιιιι-

257 3888 315 3926 ram
327 3872 398 3926 Sub:
415 3887 549 3926 sensuram
563 3873 590 3927 P
679 3871 811 3940 patienter
827 3871 893 3926 Ure.-
910 3874 1055 3940 patientiae
1068 3875 1095 3927 P
1111 3873 1244 3943 patientia
1258 3872 1308 3927 ea

251 3973 351 4011 nomen
370 3958 424 4011 aab
526 3959 560 4011 15
576 3957 703 4011 sinceram
721 3957 878 4011 Menoetae:
902 3957 1033 4012 sinerum
1051 3960 1079 4013 P
1096 3975 1161 4028 qnae
1184 3959 1233 4013 eet
1251 3958 1296 4013 Sui
1314 3973 1373 4013 ounr

264 4061 315 4116 Ure
332 4077 374 4115 om
391 4061 465 4115 Salm
566 4062 600 4115 16
618 4076 631 4114 ι
647 4061 713 4114 limo
731 4060 768 4113 sis
785 4061 839 4116 Sub
942 4062 974 4115 17
992 4062 1105 4116 alienam
1128 4062 1191 4117 Gal:
1208 4048 1263 4117 alia
1280 4062 1309 4116 P

258 4150 288 4200 at
304 4146 355 4200 tibi
372 4149 404 4201 tu
423 4147 503 4201 aliam
520 4145 682 4215 dignitatem
693 4162 803 4213 assume,
822 4147 896 4201 deam
908 4163 974 4216 qnae
986 4149 1062 4202 Solm
1158 4149 1220 4203 deae
1237 4150 1314 4218 qnae]
1334 4151 1373 4202 at-

258 4247 309 4302 que
325 4232 379 4288 Sub
412 4218 418 4231 ⁸
446 4293 451 4300 ¹
481 4248 531 4300 que
548 4232 576 4286 P
677 4232 710 4286 18
727 4232 859 4286 nationem
878 4233 940 4298 Sat,
953 4249 984 4286 r.-
1001 4233 1104 4288 ιιιὶοιι
1121 4235 1148 4289 P
1251 4235 1284 4290 19
1300 4234 1372 4289 Iouis

258 4319 372 4386 eoepite
389 4321 513 4386 oonoepta
530 4320 561 4370 tu
577 4316 660 4371 fueris
677 4317 701 4370 si
719 4318 778 4386 quis
796 4335 825 4372 ex
843 4319 929 4387 capito
946 4318 998 4372 Urs
1094 4320 1196 4388 Iupiter
1207 4321 1308 4375 weida·

257 4402 292 4458 20
309 4402 550 4474 etutlautsiSob
568 4407 601 4457 nt
614 4403 690 4458 Solea
790 4409 902 4473 possunt
915 4403 1174 4473 Subpossentsalm
1277 4407 1371 4463 Pilor-

257 4489 326 4560 oipes
348 4491 400 4546 Ura
501 4494 548 4544 ant
567 4491 634 4545 Sub:
655 4493 687 4544 ut
703 4491 733 4545 P
747 4493 776 4545 at
798 4490 849 4544 Ure
950 4492 984 4544 26
1002 4491 1101 4545 adsinit
1117 4493 1145 4546 P
1161 4508 1222 4548 corr
