2916 5010
557 485 657 540 arser
678 483 746 538 1111.
946 465 951 474 '
1146 491 1207 558 145

94 659 226 724 mundus
254 659 320 740 ipso
341 677 396 742 per
417 677 449 724 se
471 659 531 724 sibi
558 678 655 742 neque
684 659 822 726 dexteras
848 645 947 742 neque
976 662 1078 726 laenas
1106 679 1203 744 neque

95 779 219 843 superas
239 761 378 844 regiones
395 757 497 844 'neque
517 762 597 827 imas
619 781 717 844 neque
737 763 854 828 6611666
875 763 967 828 habet
990 781 1086 845 neque
1107 765 1205 847 posti-

96 883 153 930 oes.
186 864 332 948 quioquid
354 865 435 930 enim
457 869 538 931 teres
560 865 606 932 est
628 867 720 948 atque
742 867 875 931 exomni
896 868 983 949 parte
1004 867 1205 934 rotunditatis
1241 921 1247 928 .
1354 924 1357 931 .

96 965 219 1032 solidae
237 967 422 1032 eonuexione
444 968 636 1050 oonolusum,
663 968 785 1034 nullum
806 969 899 1034 hahet
920 969 1061 1049 initium,
1083 970 1205 1034 nullum

67 1070 202 1136 sfinem:
225 1070 280 1136 ubi
300 1070 373 1134 finis
394 1072 426 1136 et
444 1071 571 1136 initium
592 1071 714 1137 nullum
735 1071 795 1150 est,
823 1089 895 1136 esse
914 1072 1017 1154 aliqua
1036 1072 1135 1156 portio
1157 1073 1206 1138 sui
1266 1088 1269 1101 ¹

94 1173 226 1238 nominis
250 1170 293 1260 [et
314 1172 451 1260 initium]
475 1193 536 1239 non
557 1175 668 1256 potest.
702 1163 808 1256 itaque
830 1194 901 1240 oum
915 1175 1060 1241 dicimus:
1083 1177 1204 1242 dextere

94 1277 169 1342 haee
188 1277 272 1360 regio
295 1279 342 1342 est
361 1275 373 1362 l
397 1279 429 1342 et
450 1277 506 1342 ille
527 1278 625 1356 laeua,
648 1296 708 1342 non
729 1277 768 1341 ad
783 1277 891 1342 mundi
906 1278 1047 1344 hobitum
1062 1279 1272 1357 hisimunees

94 1381 147 1462 qui
162 1379 211 1446 sui
226 1380 405 1446 simillimus
420 1381 504 1444 totus
520 1381 576 1458 est,
593 1381 647 1446 661
661 1381 700 1444 61
710 1380 893 1462 positionem
904 1380 1040 1474 nostram
1051 1381 1204 1464 situmque

93 1501 283 1563 remeamus,
311 1485 365 1566 qui
386 1484 545 1550 informati
567 1484 612 1550 sio
633 1501 755 1563 sumus,
785 1487 821 1548 ut
844 1484 906 1550 6116
928 1486 1063 1564 dextera,
1092 1485 1152 1552 6116
1173 1486 1206 1549 16

49 1611 82 1650 ιο
93 1605 148 1652 nos
176 1587 318 1652 dieantur
347 1605 410 1652 esee
438 1587 541 1652 laeua:
576 1605 653 1669 quae
682 1589 787 1652 tamen
815 1588 890 1666 haee
910 1587 990 1671 ipsa,
1020 1607 1096 1671 quae
1117 1589 1206 1653 laeua

93 1691 284 1772 appellamus
307 1692 338 1755 61
359 1691 491 1769 dextere,
512 1689 545 1754 in
569 1690 657 1756 nobis
679 1690 758 1754 nihil
778 1689 891 1755 habent
912 1694 1103 1774 perpetuum,
1126 1690 1206 1756 nihil

91 1793 202 1871 16666,
233 1793 286 1857 661
312 1794 403 1876 prout
423 1809 478 1858 nos
501 1810 589 1858 ossus
616 1793 706 1874 atque
736 1794 863 1858 euentus
893 1793 1096 1859 eonloeauerit
1124 1794 1207 1859 tem·
1321 1815 1323 1822 ⁴
1434 1819 1437 1826 ·

91 1896 189 1978 poris,
217 1895 263 1960 ita
291 1896 404 1960 nostris
432 1896 559 1960 sumunt
582 1895 620 1960 ab
642 1894 797 1960 lateribus.
819 1895 1023 1979 figurationes.
1058 1895 1205 1962 61661666-

92 2001 157 2064 tem
180 1999 275 2064 solem
298 2016 465 2081 respexero,
489 1996 577 2063 ebrio
601 1997 679 2062 mihi
701 1998 825 2081 frigoris
848 2001 879 2063 61
901 1999 1065 2080 septentrio
1086 1999 1123 2064 fit
1143 2000 1206 2065 lae·

49 2121 168 2167 1511118:
191 2102 224 2166 in
246 2120 337 2184 quem
359 2103 386 2168 si
401 2121 454 2166 ora
474 2102 647 2180 traduxero,
670 2101 730 2166 erit
751 2100 830 2166 mihi
852 2102 975 2168 sinister
996 2121 1129 2182 oooasus,
1151 2105 1205 2186 qui

92 2205 132 2272 ab
155 2207 218 2271 sole
238 2206 457 2287 posterganeus
479 2204 661 2270 habebatur.
695 2222 800 2268 rursus
819 2219 893 2269 uero
916 2205 942 2270 si
963 2206 1060 2270 ieoero
1081 2206 1205 2289 plagam

91 2308 126 2372 in
147 2308 302 2374 eooiduem
326 2308 458 2386 leonina,
481 2308 513 2372 in
535 2307 718 2374 uooabulum
741 2305 859 2372 sinistri
887 2310 990 2373 auster
1011 2309 1043 2372 et
1063 2309 1206 2374 meridies

90 2411 221 2478 transit:
254 2412 286 2476 in
309 2429 401 2494 quam
423 2411 450 2475 si
472 2429 522 2476 me
543 2411 663 2492 partem
690 2409 862 2476 6666666616
888 2411 1033 2493 temporis
1056 2410 1203 2476 616666666-

90 2514 174 2598 gerit
194 2515 287 2593 ratio,
310 2514 346 2578 fit
367 2517 404 2580 ut
425 2515 525 2580 oriens
545 2514 652 2578 laeuus
679 2513 834 2580 inmutata
855 2513 988 2595 eorporis
1010 2515 1206 2580 oonuersione

48 2617 223 2683 6611661166.
259 2636 319 2699 qua
341 2636 378 2682 er
398 2637 431 2682 66
452 2616 565 2699 poterit
586 2616 735 2682 facillime
756 2617 941 2699 recognosci,
964 2636 1061 2698 neque
1082 2616 1206 2684 dentem

90 2739 190 2803 neque
211 2721 300 2786 laeua
322 2720 432 2785 natura
453 2738 520 2785 esse
545 2719 610 2784 aha
632 2720 685 2784 661
703 2719 916 2800 positionibus,
938 2719 992 2784 661
1006 2719 1204 2802 temporibus,

91 2811 264 2906 see'prous
291 2824 390 2889 nostri
416 2822 548 2905 eorporis
576 2821 716 2888 habuerit
738 2841 770 2887 66
792 2822 871 2887 61166
893 2841 995 2886 rerum
1016 2823 1054 2887 61
1076 2822 1204 2888 oiroum·

90 2927 240 2993 stantiam
262 2926 437 2992 oollooatns.
461 2927 551 3008 -quod
573 2944 643 2991 eum
663 2925 709 2990 itu
730 2945 763 2990 66
782 2925 903 3004 habeat,
927 2943 1059 3007 quanam
1079 2926 1205 3004 ratione,

90 3047 152 3113 quo
174 3031 264 3113 paeto
285 3028 479 3096 sinistrarum
500 3015 637 3112 partium
659 3027 703 3092 dii
725 3029 827 3106 erunt,
856 3048 927 3093 eum
949 3029 1069 3094 easdem
1091 3029 1206 3094 eonsti-

48 3158 80 3198 es
91 3134 168 3200 terit
189 3132 327 3218 regiones
348 3134 437 3198 modo
458 3133 597 3202 dexteras
620 3131 686 3196 1661
707 3132 797 3197 modo
819 3132 944 3198 laeuas?
975 3131 1029 3196 ant
1053 3150 1113 3214 quo
1135 3134 1206 3198 dex-

90 3240 177 3303 16666
205 3237 384 3302 meruerrmt
412 3236 449 3301 16
478 3234 708 3300 immortalibus
736 3234 784 3300 116
813 3237 933 3318 partes,
968 3238 1004 3301 ut
1036 3237 1102 3301 sine
1130 3236 1204 3302 ullis

119 3475 143 3529 '3
160 3473 338 3528 rotunditatis
357 3478 382 3527 P
499 3474 559 3527 661
575 3473 684 3526 initium
702 3474 798 3528 6661661
916 3473 1065 3527 7116666666
1084 3475 1139 3527 Sat
1256 3469 1258 3478 '

90 3563 108 3616 9
127 3561 249 3623 innohis
268 3561 343 3614 116166
360 3575 402 3614 one
425 3559 477 3613 Urs
596 3560 628 3612 11
646 3559 752 3612 dextera
770 3559 900 3614 Pontiae.-
922 3559 1051 3613 dextralia
1068 3561 1094 3611 P
1114 3559 1205 3613 dextra

90 3648 174 3701 61166
193 3647 296 3701 dextera
314 3646 368 3699 alia
380 3647 434 3700 Sub
451 3645 557 3700 dextera
569 3646 636 3699 elias
649 3632 725 3700 116166
825 3644 923 3698 habent
936 3645 1005 3698 Sub:
1023 3643 1103 3699 habet
1115 3647 1141 3697 P

91 3736 127 3789 13
139 3733 238 3787 nostris
251 3733 314 3797 Sub,
326 3747 356 3784 r.-
367 3731 453 3786 nostri
465 3733 491 3783 P
575 3732 607 3786 15
619 3747 725 3786 oeoasus
737 3733 763 3783 P
846 3731 878 3785 16
890 3731 923 3784 ab
936 3731 998 3800 sole]
1012 3733 1074 3785 ante
1088 3731 1139 3786 Urs

90 3819 241 3875 habebatur
262 3818 328 3873 Urs:
350 3817 494 3872 habebitur
510 3819 537 3870 P
636 3818 667 3871 17
686 3816 819 3870 oooiduem
838 3817 909 3870 suo:
926 3817 1035 3871 6661166
1052 3818 1078 3868 Ρ
1176 3817 1206 3870 in

90 3907 149 3962 artri
160 3906 236 3962 susm
337 3904 460 3959 meridies
473 3904 542 3957 Sub:
560 3903 669 3957 meridie
681 3905 707 3955 P
807 3903 840 3973 18
856 3903 964 3972 transit]
982 3903 1070 3956 trahet
1083 3903 1138 3957 Sub

90 4010 172 4063 quam
189 3994 259 4050 Sub.-
277 4008 329 4062 qua
346 3993 372 4044 P
472 3993 573 4059 partem
586 3991 653 4044 Sub:
671 3993 747 4058 parte
763 3992 789 4042 P
889 3991 923 4044 20
940 4006 1022 4058 neque
1039 3990 1146 4042 dextere
1163 4003 1205 4041 om

90 4081 147 4138 Sub
266 4080 299 4134 21
317 4077 494 4147 positionibus
512 4081 539 4130 et
557 4077 721 4145 temporibus
739 4079 766 4130 et
783 4077 905 4142 Ziatios,
923 4093 999 4144 quem
1016 4066 1121 4129 seratas
1137 4090 1205 4138 sum,

88 4167 147 4221 aiei
165 4166 237 4235 quod
254 4182 313 4219 eum
330 4165 439 4219 Oeblero
451 4165 492 4218 bis
508 4166 536 4216 et
552 4165 584 4216 ia
602 4162 646 4216 sed
662 4164 782 4218 torreat:
800 4163 940 4231 positionis
958 4165 984 4214 et
1001 4160 1126 4228 temporis
1143 4163 1171 4213 et
1182 4161 1208 4211 P

89 4253 234 4324 positionis
252 4255 279 4305 et
296 4251 422 4319 temporis
439 4249 541 4304 ratione
554 4252 581 4303 et
592 4250 637 4303 uel
649 4249 780 4318 positione
792 4252 818 4303 61
830 4252 947 4317 tempore
958 4251 986 4302 et
997 4247 1139 4306 Menestas

89 4341 127 4394 22
143 4338 251 4393 haberit
267 4338 294 4389 P
309 4352 370 4390 oorr
471 4335 505 4390 23
522 4337 591 4390 ratio
608 4337 635 4387 P
650 4351 711 4390 corr
816 4337 849 4391 25
865 4335 1005 4403 religiones
1025 4333 1080 4387 Sub
1097 4348 1159 4387 corr
1175 4333 1207 4387 e'a

91 4443 138 4481 err
224 4440 275 4493 quo
288 4423 520 4479 Hildebromtiue:
537 4422 645 4492 quodP
659 4422 788 4491 quidSob
872 4422 906 4475 26
918 4419 1064 4474 1161661116
1076 4421 1175 4473 eorrP

199 4528 245 4582 iv.
1072 4523 1106 4577 10
