2916 5010
271 498 312 562 82
571 494 715 551 Arnobii
737 495 897 550 aduersus
920 494 1079 550 nationes

221 670 260 732 11
271 669 302 734 11
324 684 468 751 exponere
490 668 521 732 et
540 667 574 732 in
588 667 730 732 habitum
751 667 937 732 feminarum
959 665 1143 748 deliciasque
1165 664 1302 732 molliri?
1337 665 1388 729 id-

270 773 348 836 circo
370 771 489 836 animas
511 769 612 848 misit,
635 771 671 836 ut
692 771 815 836 uiarum
837 769 915 835 aliae
937 769 1118 836 infestarent
1139 770 1277 845 meatus,
1306 768 1388 832 aliae

270 874 557 940 circumscriberent
578 873 705 950 nescios,
728 875 913 940 testamenta
927 875 1130 957 supponerent
1144 873 1231 951 falsa,
1253 889 1388 937 uenena-

269 979 316 1041 tas
339 957 519 1042 mulcerent
541 977 688 1060 potiones,
719 976 825 1042 domos
847 978 884 1042 nt
906 977 1102 1062 effringerent
1123 976 1275 1054 noctibus,
1298 974 1388 1038 solli·

267 1080 397 1145 oitarent
430 1079 591 1164 abigerent
627 1080 912 1163 praeuaricarentur
950 1081 981 1144 et
1019 1080 1198 1165 proderent,
1239 1095 1418 1160 sapornms

268 1184 396 1249 fastidia
416 1182 452 1247 nt
474 1184 649 1248 excuterent
671 1183 783 1265 palato,
805 1184 841 1248 ut
863 1183 895 1248 lu
918 1183 1082 1265 coquendis
1102 1182 1244 1249 altilibus
1258 1180 1389 1265 pingui-

268 1287 408 1352 tudinem
441 1286 567 1351 nossent
598 1285 730 1350 retiuere
763 1285 935 1364 labentem,
968 1287 1004 1350 ut
1035 1284 1168 1367 spirulas
1199 1286 1231 1351 et
1263 1284 1389 1349 botulos

268 1390 414 1467 facerent,
453 1388 541 1454 isicia
575 1389 805 1455 metellamenta
838 1389 980 1455 lucanica
1007 1389 1196 1455 suminatam
1232 1407 1305 1454 cum
1340 1387 1389 1452 bis

268 1511 392 1557 carnem
415 1492 445 1556 et
467 1491 612 1575 glacialia
636 1491 811 1556 conditione
833 1493 979 1558 tucceta?
1008 1491 1120 1557 idoiroo
1144 1491 1264 1556 animas
1287 1491 1388 1568 misit,

268 1597 304 1660 nt
325 1612 373 1660 res
396 1594 495 1660 sancti
516 1596 609 1676 atque
632 1595 846 1678 angustissimi
860 1595 996 1661 nominis
1011 1594 1244 1678 symphoniacas
1258 1595 1420 1677 egerente

268 1700 299 1763 11
325 1696 527 1762 fistulatorias
555 1698 605 1762 hic
635 1698 734 1774 artae,
768 1699 805 1762 ut
833 1697 977 1764 inflandis
1006 1697 1151 1764 bucculas
1179 1697 1391 1762 distenderent

268 1801 366 1880 tibiis,
389 1798 582 1866 cantionibus
611 1801 648 1864 ut
669 1800 823 1882 praeirent
844 1800 992 1884 obscenis,
1016 1817 1191 1866 numerosos
1212 1801 1248 1864 nt
1270 1801 1391 1866 cierent

268 1903 466 1969 scabillorum
480 1903 764 1986 concrepationibus
779 1921 909 1982 sonores,
933 1904 1043 1986 quibus
1058 1904 1233 1969 animarum
1247 1903 1311 1968 alia
1326 1903 1391 1970 las-

269 2006 383 2071 ciuieus
405 2006 574 2071 multitudo
596 2006 815 2089 incompositos
838 2024 996 2090 corporum
1018 2007 1239 2072 dissolueretnr
1263 2007 1298 2070 in
1321 2027 1391 2072 mo-

186 2112 334 2188 14811111,
368 2108 524 2174 saltitaret
552 2110 583 2174 et
604 2111 758 2188 cautaret,
788 2113 874 2176 orbes
903 2110 1080 2176 saltatorios
1102 2110 1236 2176 uerteret
1261 2109 1267 2195 Ι
1294 2111 1328 2174 11
1353 2110 1421 2176 adn

267 2211 416 2277 ultimum
448 2211 591 2278 clunibus
620 2215 651 2277 et
678 2213 894 2279 coxendicibus
915 2213 1088 2278 subleuatis
1110 2213 1288 2278 lumborum
1310 2213 1392 2276 cris-

268 2315 405 2398 pitudiue
438 2315 625 2381 fluctuaret?
653 2315 767 2382 idcirco
798 2316 915 2382 animas
937 2315 1038 2396 misit,
1062 2317 1098 2379 ut
1118 2315 1150 2380 in
1172 2314 1391 2381 1111111111-

267 2419 371 2496 111111,
401 2417 434 2483 in
466 2419 589 2484 leminis
623 2419 734 2484 fierent
767 2419 944 2485 meretrices
972 2417 1202 2484 sambucistriae
1228 2416 1391 2499 psaltriae,

267 2521 389 2588 uenalia
410 2522 446 2586 ut
467 2521 692 2603 prosternerent
724 2532 860 2603 corpora,
895 2521 1051 2590 uilitatem
1078 2521 1126 2586 sni
1147 2521 1258 2604 populo
1281 2522 1392 2604 publi·

268 2626 381 2703 carent,
403 2623 437 2688 in
450 2623 651 2706 lupanaribus
667 2624 834 2709 promptae,
857 2624 889 2688 in
904 2624 1071 2689 fornicibus
1086 2623 1204 2703 obuiae,
1227 2623 1308 2688 nihil
1323 2625 1423 2706 patin

220 2731 258 2793 13
269 2727 428 2792 renuentes
441 2727 472 2790 et
483 2725 523 2790 ad
535 2725 594 2791 oris
606 2745 674 2791 aere
690 2728 870 2810 conparatae
881 2727 1169 2811 constuprationem.
1185 2727 1260 2809 quid
1273 2727 1392 2804 dicitis,

267 2829 427 2895 osuboles
450 2849 485 2894 ao
506 2829 599 2911 primi
621 2831 782 2915 progenies
810 2830 968 2896 numinis?
1000 2848 1109 2914 ergone
1137 2830 1291 2911 sapientes
1313 2831 1394 2896 illae

267 2935 358 3015 atque
382 2952 417 2997 ex
439 2933 539 2998 causis
562 2933 784 3015 principalibus
805 2934 943 3016 proditae
965 2933 1164 3017 generahaec
1178 2934 1302 2998 animae
1316 2935 1391 2998 tur-

266 3035 445 3118 pitudinum
473 3035 639 3100 ariminum
671 3036 922 3118 malitiarumque
950 3038 1100 3101 nonerunt
1126 3037 1219 3118 atque
1242 3037 1279 3100 ut
1302 3055 1394 3101 exer·

302 3325 317 3377 1
335 3324 463 3393 deponere
486 3323 538 3378 Ura
632 3323 735 3377 mollire
753 3323 808 3378 Sub
902 3325 1057 3380 daltilibus
1079 3326 1145 3381 Ura:
1163 3325 1272 3381 alitibus
1292 3329 1320 3383 P

267 3411 282 3464 7
301 3409 415 3478 spirulas
429 3409 498 3464 Sub.-
516 3409 628 3478 apiculas
641 3410 668 3462 P
752 3411 769 3463 8
787 3410 950 3465 suminatam
964 3411 1029 3466 Get.-
1047 3413 1253 3466 suamminatam
1265 3413 1295 3467 P
1310 3431 1394 3468 suam

226 3539 227 3542 ,
266 3496 386 3550 innatam
405 3495 457 3550 Sao
475 3495 698 3549 summiuatamr
764 3496 924 3565 9glacialia
936 3497 1090 3552 Macrones:
1108 3498 1257 3566 glaciliaP
1274 3500 1395 3567 glaciali

270 3581 322 3636 cer
396 3627 398 3629 .
436 3582 469 3635 10
487 3580 685 3650 symphoniacas
703 3581 793 3636 Solea:
822 3581 980 3650 symfonieas
998 3583 1025 3637 P
1134 3584 1168 3637 12
1184 3599 1344 3638 numerosos
1363 3589 1396 3640 nt

267 3667 366 3721 cierent
384 3666 493 3732 (cierent
514 3667 661 3736 Vaticana)
678 3667 791 3736 scripsi.-
819 3668 1008 3722 numerosieter
1031 3671 1058 3722 et
1075 3668 1102 3722 P
1118 3685 1240 3723 numeros
1263 3669 1316 3724 Ura
1343 3688 1395 3725 nu·

267 3767 380 3806 merosus
398 3751 525 3805 iterarent
544 3751 619 3806 Satm
722 3753 754 3807 13
767 3754 868 3806 sonoris
881 3753 936 3808 Sub
1032 3754 1191 3808 lasciuiesP
1287 3757 1322 3810 15
1337 3759 1395 3811 sal·

266 3836 361 3891 titaret
378 3839 406 3891 11
423 3839 542 3891 cantaret
556 3837 624 3892 Sub:
645 3838 768 3892 saltitare
787 3841 815 3891 et
826 3842 932 3893 cantare
943 3839 971 3893 P
1072 3840 1105 3893 16
1122 3839 1307 3895 coxendicibus
1319 3843 1396 3899 Sub:

267 3922 464 3977 cousendioibus
483 3924 510 3976 P
620 3922 653 3976 l'l
670 3923 811 3979 fluctuaret
829 3925 898 3980 Sub:
915 3926 1043 3980 fluctuare
1060 3927 1088 3980 P
1192 3929 1225 3982 18
1242 3927 1397 3985 sambucis-

266 4007 335 4062 triae
353 3999 422 4063 Sub.-
440 4009 627 4064 ambuoistriae
646 4012 674 4078 (u
686 4025 720 4064 ecc
732 4010 753 4079 i)
771 4011 799 4064 P
899 4011 1026 4080 psaltriae
1045 4012 1114 4068 aco:
1130 4013 1274 4083 psalterios
1292 4015 1320 4070 P

268 4095 300 4148 19
312 4095 503 4163 prostituerent
526 4096 579 4150 Ure
680 4096 815 4149 uilitatem
832 4096 898 4151 Ura:
915 4097 1072 4152 uirilitatem
1085 4100 1113 4153 P
1128 4101 1278 4155 utilitatem
1290 4102 1397 4159 Mercr-

266 4180 324 4234 ee‘ns
419 4181 454 4234 20
465 4181 560 4235 obuiae
577 4182 642 4236 Ure.-
655 4180 765 4236 obnitae
776 4180 803 4235 P
815 4181 936 4236 obuictaa
951 4183 1157 4239 Sabobuiuctae
1171 4185 1221 4239 aar
1315 4189 1355 4242 21
1370 4194 1398 4243 11

267 4281 309 4320 aaa
328 4265 383 4321 Sub
485 4269 647 4323 1111111ιῖ111)
750 4285 808 4324 aere
825 4270 936 4338 11111111
959 4271 1025 4325 sacri
1042 4269 1070 4324 P
1086 4274 1209 4340 stuprum
1232 4271 1282 4326 cc
1301 4277 1397 4343 spurci

267 4351 525 4409 aetllaeciZinbc'aa
625 4357 732 4424 paratae
749 4355 799 4410 cer
899 4356 1140 4424 constuprationem
1152 4358 1267 4426 scripsi.-
1284 4375 1397 4432 eompa-

268 4437 371 4493 ratione
389 4439 417 4494 P
433 4453 476 4494 oea
493 4440 546 4495 Sub
573 4441 764 4510 stnpmtionem
787 4439 863 4496 Saba
888 4443 1131 4512 conmutationem
1153 4442 1397 4504 Hotomanus.-

160 4578 162 4582 .
268 4522 394 4581 braama
410 4527 521 4596 etpacce
537 4527 643 4584 mmadt
660 4527 775 4584 Ziata'ce
