2916 5010
212 470 273 536 172
511 452 659 525 iruobii
681 469 843 526 cicerone
862 471 1020 526 retituet

210 640 392 725 contagione
401 640 596 725 pestilentiae
607 644 781 726 conrupisse
792 661 883 710 curuo
892 642 1092 727 zephyrorum
1100 641 1243 708 luctuose
1254 660 1326 708 cum

210 742 316 827 populi
337 744 485 810 umtitute
500 782 541 792 -
557 747 695 828 coquitur
720 750 756 811 ut
780 746 922 831 intellegi
942 745 1052 812 debeat
1071 745 1244 811 iracundias
1264 762 1327 810 nou

208 863 322 928 paruus
344 866 380 912 er
401 847 595 942 opinionibus
617 867 667 914 eoe
690 833 844 917 cortinore
865 848 1039 934 proediotim
1071 847 1153 932 quod
1174 849 1201 914 ei
1223 847 1327 927 detur,

209 949 301 1014 detur
323 951 354 1015 et
375 950 456 1016 illud
469 952 640 1018 necessario
654 970 851 1037 consequeus,
874 953 1015 1020 miserias
1029 952 1085 1018 huc
1099 951 1199 1018 omnic
1213 951 1328 1035 quibus

211 1052 286 1120 olim
308 1073 404 1141 genus
426 1057 640 1123 accumuletur
660 1057 832 1124 humanum
853 1057 892 1124 cb
914 1057 1090 1123 huiusmodi
1112 1056 1205 1122 fluore
1226 1055 1327 1121 fictio-
1352 1079 1364 1116 ι

210 1156 317 1223 uibus:
346 1158 455 1240 quodsi
483 1158 521 1224 eb
543 1159 594 1229 hie
620 1160 721 1226 ccueic
742 1159 913 1245 indignatio
934 1159 1138 1243 proficiscitur
1152 1159 1326 1239 numinum,

210 1260 405 1328 miseriarum
427 1262 585 1328 tenturum
607 1281 661 1330 uoe
684 1263 931 1346 emunctores,
960 1263 1014 1346 qui
1039 1264 1158 1328 animos
1179 1263 1328 1328 coelitum

211 1380 271 1429 nou
293 1365 421 1431 cessetis
443 1364 594 1432 offendere
615 1367 647 1430 et
668 1366 798 1432 ultionis
819 1367 853 1432 iu
874 1365 991 1434 rabiem
1013 1366 1173 1432 concitore.
1206 1364 1256 1432 siu
1270 1385 1328 1431 cu-

126 1470 276 1532 cerotem
301 1464 306 1553 Ι
331 1468 370 1532 ab
392 1467 570 1534 huiusmodi
596 1468 684 1536 furiis
706 1471 835 1536 deorum
861 1470 910 1536 eet
936 1488 1032 1554 genus
1058 1470 1198 1536 immune
1228 1485 1328 1550 noque

210 1568 285 1652 quii
306 1570 348 1635 sit
369 1570 461 1636 irasci
483 1570 527 1635 dii
548 1573 670 1638 omniuo
691 1575 858 1651 mouerunt,
887 1573 919 1638 et
940 1573 1029 1638 nobie
1056 1590 1127 1657 ergo
1148 1570 1240 1638 irueoi
1261 1571 1364 1636 ciuem

209 1674 275 1739 ulle
305 1674 424 1739 ratione
450 1675 609 1754 dicuntur,
638 1675 691 1758 qui
718 1676 766 1741 irc
796 1675 870 1759 quid
897 1675 939 1741 eit
965 1676 1109 1760 ignorent
1141 1676 1173 1740 et
1199 1675 1238 1740 cb
1260 1676 1328 1741 eiuc

210 1780 231 1860 †
254 1780 379 1860 comptu
401 1777 432 1842 et
453 1777 653 1861 permixtione
676 1780 750 1845 eunt
770 1778 916 1845 cbcoluti.
951 1777 1059 1866 [neque
1081 1778 1162 1844 enim
1183 1777 1251 1844 fiori
1271 1795 1328 1860 per

209 1899 314 1946 rerum
341 1882 483 1946 naturam
509 1883 623 1963 potest,
656 1882 692 1946 ut
719 1883 801 1965 quod
823 1903 919 1948 uuum
941 1884 989 1948 eet
1009 1883 1067 1948 fiet
1088 1881 1148 1946 duo
1169 1883 1200 1946 et
1221 1881 1257 1946 in
1278 1879 1328 1945 di·

210 2002 315 2050 uoreec
337 2001 385 2048 roe
408 1987 459 2049 eet
480 1985 583 2049 unitus
604 1985 743 2069 ingenite
765 1985 966 2070 simplicitate
987 1982 1109 2071 dicim]

166 2279 171 2294 ¹
245 2272 431 2341 lpeetilentio
448 2273 476 2326 P
491 2287 552 2327 corr
654 2272 801 2340 corrupisse
825 2271 966 2338 Oooctcruc
990 2271 1055 2326 Urs:
1078 2273 1213 2326 conruiceo
1231 2273 1259 2327 P

210 2357 382 2426 zephyrorum
398 2359 508 2428 scripsi:
527 2360 677 2426 temporum
689 2358 716 2411 P
727 2360 864 2411 uentorum
878 2357 1019 2411 Memoiue
1030 2360 1151 2426 teporum
1163 2363 1228 2412 ante
1240 2357 1328 2412 conie-

210 2461 301 2500 cercm
446 2445 582 2498 cluctuocc
603 2443 631 2497 P
647 2459 709 2498 corr
856 2442 985 2497 2debeet
1003 2441 1073 2497 Sub.-
1101 2441 1213 2497 debeant
1231 2443 1259 2497 P

209 2530 430 2586 concustodita·
506 2529 601 2599 tet]
616 2528 886 2584 eetHildebrcndice
986 2543 1101 2582 omneec
1201 2527 1326 2597 eruut]

209 2616 318 2672 neturus
336 2617 391 2672 Sub
492 2615 685 2668 uocauerunt
702 2615 730 2668 P
864 2616 896 2669 11
913 2614 999 2670 cerba
1016 2616 1043 2667 et
1059 2613 1094 2668 cb
1110 2615 1184 2668 eius.
1200 2653 1206 2667 .
1221 2613 1328 2668 uicies

209 2704 318 2760 occlusit
335 2703 411 2758 Solm
513 2701 545 2757 12
567 2704 710 2770 comptor
737 2703 863 2756 contente
885 2700 940 2756 cao
968 2703 1094 2756 contactu
1120 2700 1172 2756 Ure
1199 2701 1327 2769 conceptu

210 2790 330 2844 Hcctc'uo
357 2791 491 2844 commotu
511 2787 637 2842 Oetierue
754 2787 840 2842 corbo
857 2802 941 2855 neque
956 2787 1043 2841 euim.
1058 2825 1066 2840 .
1081 2786 1183 2840 .diuico
1209 2785 1328 2841 Orouion

206 2881 270 2943 poet
293 2875 378 2928 uerba
401 2874 549 2943 proprietee
573 2872 660 2940 quiret
673 2888 703 2940 p.
722 2874 783 2939 151,
801 2877 834 2928 10
851 2873 1021 2941 trompocccc't
1157 2871 1191 2926 14
1207 2885 1327 2926 curcum

209 2990 341 3032 oneremus
358 2963 413 3032 uri.
431 2991 488 3031 1111.
506 2991 568 3030 uxr.
586 2961 652 3029 noo}
668 2990 723 3030 ure.
741 2989 767 3030 u.
