2950 5006
251 495 291 558 14
554 489 695 600 ⁸0¹⁰⁰bii
719 489 879 540 aduersus
901 486 1051 540 nationes

249 665 475 730 existimatione
504 661 646 745 ponendi.
683 660 736 724 ubi
758 664 839 723 enim
862 662 910 724 est
936 659 1035 736 ullus,
1066 659 1147 723 mont
1173 657 1371 738 sapientibus

250 769 388 844 uidetur,
417 767 570 842 adiectum,
599 765 644 828 ibi
665 781 731 827 esse
752 781 873 826 necesse
896 762 943 826 est
963 761 1152 844 passionem:
1185 761 1241 825 nbi
1263 761 1371 844 passio

250 871 312 935 sita
333 873 395 947 est,
425 867 684 952 perturbationem
713 867 947 930 consentaneum
974 867 1021 929 est
1042 867 1200 947 consequi:
1222 865 1278 930 ubi
1299 883 1372 946 per·

250 975 386 1039 turbatio
408 974 464 1048 eat,
487 973 530 1037 ibi
552 971 638 1036 dolor
660 971 692 1034 et
713 969 872 1053 aegritudo
895 970 955 1033 est:
978 969 1031 1033 nbi
1053 969 1139 1033 dolor
1158 969 1190 1031 et
1204 966 1372 1050 aeffltudo

187 1127 189 1132 -
251 1082 314 1156 est,
347 1075 555 1143 imminutioni
583 1075 614 1138 et
642 1074 828 1154 corruptioni
855 1072 919 1136 iam
948 1071 1033 1136 locus
1056 1074 1121 1136 est:
1156 1091 1235 1153 quae
1257 1071 1318 1134 duo
1343 1071 1373 1135 si
1402 1093 1416 1130 s

251 1184 372 1257 nexant,
395 1180 482 1244 adest
503 1177 622 1242 uicinus
644 1178 806 1253 interitus,
837 1193 918 1239 mors
940 1175 1042 1240 omnia
1062 1176 1172 1240 finiens
1195 1177 1227 1240 et
1249 1174 1374 1240 cunctis

205 1285 390 1348 ttadimens
405 1282 605 1347 sentientibus
620 1282 728 1344 uitam
754 1279 851 1360 quid?
873 1279 953 1360 quod
976 1279 1035 1344 isto
1049 1280 1140 1344 modo
1161 1295 1222 1344 non
1243 1281 1375 1343 tantum

251 1388 322 1452 illos
343 1387 427 1450 leues
449 1405 484 1450 ac
498 1384 639 1461 fumidos,
663 1402 779 1458 uerum,
803 1383 883 1464 qnod
897 1383 935 1447 ab
951 1382 1010 1446 diis
1025 1383 1167 1446 conuenit
1181 1383 1289 1465 procul
1304 1399 1376 1446 esse

252 1491 414 1566 dimotum,
438 1490 468 1551 et
482 1489 602 1570 iniquos
624 1486 770 1551 inducitis
792 1486 823 1549 et
844 1485 975 1549 iniustos
997 1486 1029 1549 et
1049 1485 1215 1567 aequitatis
1236 1485 1288 1548 uel
1303 1503 1376 1548 mo·

253 1594 337 1658 dicae
365 1592 482 1656 nullum
509 1609 631 1672 prorsus
657 1589 793 1671 optinere
819 1588 979 1652 rationem.
1016 1588 1090 1670 qnid
1119 1589 1166 1651 est
1193 1588 1276 1653 enim
1304 1591 1420 1651 tamn

252 1698 413 1772 iniustum,
436 1713 528 1776 quam
550 1693 622 1757 aliis
643 1693 734 1755 irasci
756 1693 788 1755 et
804 1691 880 1755 alios
895 1691 1031 1775 laedere,
1053 1692 1091 1755 de
1105 1690 1281 1756 hominibus
1297 1709 1377 1756 con-

253 1800 338 1882 queri
360 1799 392 1863 et
405 1797 527 1862 innoxia
548 1796 712 1860 dilacerare
729 1795 899 1871 frumenta,
922 1791 1130 1858 Christianum
1144 1813 1255 1860 nomen
1270 1795 1379 1859 odisse

185 1907 285 1971 tebet
312 1901 477 1985 dispendiis
509 1900 651 1965 omnibns
678 1916 748 1963 snos
775 1897 779 1983 Ι
804 1899 989 1962 labefactare
1025 1900 1179 1963 cultores?
1213 1919 1251 1963 an
1278 1917 1379 1962 num-

203 2007 328 2088 aequin
357 2005 469 2069 idcirco
498 2006 530 2068 in
558 2023 612 2067 uos
641 2001 735 2066 etiam
765 2001 920 2078 saeuiunt,
950 2003 985 2064 ut
1013 2001 1171 2065 intestinis
1193 2002 1380 2066 vulneribus

254 2109 396 2175 concitati
418 2109 451 2171 in
472 2107 623 2171 ultionem
646 2104 836 2187 consurgatis
859 2103 1003 2167 illorum?
1026 2121 1097 2186 ergo
1117 2104 1252 2170 humana
1267 2105 1379 2186 patro·
1392 2121 1419 2158 1⁵

254 2215 334 2278 oinia
362 2213 406 2278 dii
435 2212 593 2293 quaerunt,
617 2210 648 2272 et
677 2209 738 2272 nisi
767 2208 870 2271 uestra
898 2206 1013 2270 fuerint
1038 2207 1209 2272 adsertione
1230 2209 1381 2289 protecti,

254 2317 355 2380 idonei
382 2333 442 2380 non
471 2316 544 2378 sunt
565 2313 642 2396 ipsi,
670 2312 723 2393 qni
744 2310 934 2393 propulsare,
962 2309 1122 2375 defendere
1151 2329 1221 2375 suas
1248 2313 1382 2376 ualeant

255 2419 465 2484 contumelias.
498 2416 668 2499 quinimmo
691 2414 718 2477 si
733 2432 838 2477 uerum
855 2413 902 2477 est
916 2413 1021 2476 ardere
1035 2414 1105 2477 illos
1121 2414 1177 2493 ira,
1199 2415 1382 2495 permittite

174 2600 178 2607 Ι
255 2525 319 2588 illis
351 2523 537 2606 potestatem
569 2519 631 2597 sui,
671 2516 833 2581 defendant
870 2533 902 2579 se
934 2516 994 2598 ipsi
1034 2518 1126 2597 atque
1159 2518 1190 2581 in
1223 2519 1383 2585 ultionem

255 2627 427 2692 maiestatis
454 2625 585 2688 offensae
612 2622 774 2685 intestinas
801 2622 923 2684 exerant
951 2620 1202 2703 experianturque
1230 2623 1422 2688 uirtutesao

255 2732 383 2814 possunt
405 2747 474 2804 nos,
497 2728 524 2791 si
545 2724 714 2799 noluerint,
737 2723 837 2800 aestu,
860 2725 989 2806 possunt
1012 2725 1229 2789 nocentissimo
1251 2726 1382 2808 frigore,

256 2838 383 2920 possunt
405 2831 488 2897 auris
509 2828 682 2911 pestilibus,
705 2828 832 2908 possunt
846 2826 1020 2891 morborum
1037 2828 1259 2892 obscurissimis
1275 2830 1384 2897 causis

257 2956 396 3014 enecare,
429 2950 604 2998 consumere
632 2932 723 3012 atque
752 2930 789 2993 ab
812 2930 897 2993 omni
919 2930 1041 3011 penitus
1064 2932 1151 2994 coetu
1174 2934 1385 3000 exterminare

258 3040 397 3117 mortali,
420 3040 475 3103 aut
496 3037 522 3100 si
544 3036 663 3100 malum
685 3033 846 3098 consilium
869 3035 918 3098 est
939 3033 1064 3115 adgredi
1086 3053 1140 3099 nos
1162 3035 1205 3112 ui,
1229 3037 1385 3104 emittant

258 3143 381 3226 aliquod
414 3139 608 3204 iudicationis
635 3139 773 3222 signum,
807 3157 861 3218 per
888 3137 967 3219 quod
995 3156 1059 3201 esse
1081 3137 1234 3219 liquidum
1257 3142 1423 3208 amosias

208 3255 246 3318 al
260 3246 366 3331 possit,
390 3243 586 3309 inuitissimis
608 3259 662 3308 nos
684 3241 728 3307 eis
750 3242 889 3306 habitare
911 3241 967 3306 sub
990 3241 1081 3306 caelo.
1119 3243 1206 3306 uobis
1228 3245 1385 3310 secundas

258 3353 399 3419 tribuant
422 3348 627 3425 ualetudine,
658 3347 801 3411 aduersas
829 3345 916 3409 nobis
939 3364 974 3411 ac
1003 3346 1160 3428 pessimas.
1198 3348 1385 3428 opportunis

292 3616 405 3671 lubin
426 3616 453 3668 P
562 3614 641 3667 deii·
664 3614 692 3666 Ρ
798 3596 997 3682 perturbatione
1014 3597 1059 3680 (ne
1077 3613 1146 3678 eros)
1164 3611 1192 3664 P
1208 3611 1384 3680 perturbatio

260 3703 315 3759 Sub
327 3703 432 3757 corrice
443 3717 488 3755 err
590 3701 607 3754 8
625 3702 653 3752 et
673 3699 726 3753 Sub
852 3698 884 3752 11
903 3697 964 3751 aliis
983 3697 1073 3751 Salm:
1092 3697 1121 3751 in
1138 3696 1199 3752 aliis
1218 3699 1246 3752 P
1262 3697 1292 3752 in
1309 3700 1385 3756 alios

260 3789 314 3844 Sub
443 3787 530 3857 legere
550 3790 580 3856 (g
596 3788 627 3840 in
644 3785 661 3838 d
679 3787 750 3852 corr)
777 3785 806 3838 P
923 3784 956 3836 13
983 3799 1017 3836 an
1048 3783 1116 3838 Ura:
1145 3786 1173 3837 at
1197 3784 1225 3837 P
1346 3788 1386 3841 16

260 3878 362 3930 nestra
388 3876 412 3942 (e
434 3877 504 3942 erus)
523 3873 551 3926 P
660 3872 692 3926 17
711 3871 862 3925 defenderes
885 3871 908 3938 (s
925 3872 997 3939 aaa)
1019 3871 1048 3924 P
1071 3872 1205 3940 expuncti
1226 3888 1241 3925 c
1344 3873 1386 3928 20

260 3963 410 4018 maiestates
423 3962 451 4014 P
467 3977 528 4014 corr
630 3957 849 4027 experianturque
867 3957 895 4011 P
910 3957 1101 4026 expediuntque
1118 3957 1170 4011 Ues
1271 3958 1305 4010 22
1321 3974 1386 4012 mo-

260 4072 366 4130 ruorum
388 4056 416 4110 P
437 4071 497 4110 corr
610 4034 768 4121 secundare
781 4051 808 4104 P
900 4052 1093 4105 consumereP
1106 4052 1267 4118 cepenam

260 4151 383 4219 paenitus
400 4152 429 4205 P
543 4149 578 4202 24
599 4147 708 4202 mortali
728 4127 778 4199 aut
793 4161 824 4198 r:
850 4146 981 4200 mortalia
1009 4147 1040 4199 ut
1057 4146 1085 4199 P
1113 4146 1238 4199 mortali:
1262 4149 1310 4200 aut
1334 4151 1386 4204 cel

261 4236 428 4290 mortalium:
447 4236 489 4288 ain
506 4234 561 4288 alia
578 4233 716 4287 consilinm
734 4235 774 4286 est
791 4232 902 4302 aggredi
919 4247 966 4284 noa
984 4231 1045 4297 via,
1063 4231 1184 4308 mittant'
1207 4231 1259 4286 Ura

260 4323 295 4376 25
305 4321 500 4391 indignationis
514 4319 564 4374 Get
574 4318 746 4372 iudicationis
760 4319 813 4373 Ura
825 4315 1015 4370 uindicatiouis
1027 4316 1167 4370 Mearaiae
1253 4318 1285 4371 at
1299 4334 1383 4386 opor·

261 4408 335 4462 tunis
354 4409 382 4461 P
