2916 5010
254 471 314 538 158
552 465 696 522 Arnobii
719 466 878 522 aduersus
900 464 1061 520 nationes

201 665 204 680 ¹
252 638 403 724 copulatis
437 636 613 721 corporibus
645 636 836 722 uoluptates,
869 637 1010 722 Iuppiter
1041 634 1096 702 ille
1122 637 1277 702 maximus
1305 657 1367 704 nou

252 748 341 824 esset,
364 744 395 809 et
416 759 512 825 usque
534 739 575 808 ad
594 740 650 806 bos
671 739 737 806 dies
759 743 792 806 et
812 759 915 824 regem
936 740 1064 806 numina
1084 759 1145 808 uon
1164 740 1317 808 haberent
1337 742 1369 806 et

183 849 374 920 amoarium
395 846 462 910 sine
483 844 605 912 dominc
627 844 746 910 staret?
779 845 810 910 et
832 842 906 926 quid
926 844 1033 910 Iouem
1055 845 1205 910 miramur
1227 864 1263 910 ex
1288 843 1295 930 Ι
1321 844 1368 910 le-

252 949 354 1018 minae
383 949 514 1014 effusum
540 947 684 1013 dicbtare
710 963 765 1013 uos
795 947 880 1026 aluo,
913 946 1033 1030 quaudo
1054 942 1192 1014 auctores
1214 947 1315 1014 uestri
1338 949 1369 1014 et

145 1117 148 1132 ,
251 1052 402 1118 nutricem
430 1051 574 1118 habuisse
603 1049 804 1136 ancarana
835 1050 866 1115 et
899 1068 935 1115 ex
962 1049 1055 1116 alieni
1084 1050 1187 1116 uberis
1216 1051 1397 1118 alimonias

252 1175 323 1222 mcx
344 1155 494 1221 traditam
520 1153 683 1220 retinuisse
709 1153 830 1219 uitam?
863 1151 937 1237 quid
963 1153 1067 1220 dicitis
1088 1173 1106 1220 o
1128 1153 1211 1220 uiri?
1244 1171 1368 1238 ergone,

252 1259 366 1324 iterum
390 1258 500 1336 dicam,
522 1258 632 1324 tonans
654 1256 777 1340 fulgens
799 1259 830 1322 et
850 1254 1018 1322 fulminans
1033 1258 1064 1322 et
1084 1256 1192 1322 nubila
1212 1256 1370 1324 terribilia

253 1362 423 1427 conducens
460 1359 542 1426 suxit
567 1358 684 1425 fluenta
709 1377 930 1440 mammarum,
959 1360 1100 1445 uagitum
1127 1359 1238 1439 edidit,
1271 1361 1371 1445 repsit

253 1467 346 1546 atque
373 1466 409 1528 ut
434 1462 543 1528 fletum
572 1461 734 1544 exponeret
763 1462 957 1545 ineptissime
988 1463 1138 1542 tractum,
1172 1462 1370 1547 crepitaculis

253 1567 386 1633 obticuit
407 1566 521 1633 auditis
543 1565 575 1633 et
593 1566 632 1631 ad
653 1583 774 1632 somnos
795 1565 940 1632 inductus
961 1565 1055 1632 estin
1070 1566 1264 1634 mollissimis
1280 1569 1399 1634 cunisn

251 1669 355 1736 iacens
377 1671 409 1736 et
431 1669 558 1734 uocibus
580 1668 731 1736 delenitus
753 1669 916 1735 infractis?
948 1687 965 1734 c
987 1669 1112 1736 deornm
1139 1671 1272 1736 adsertio
1293 1671 1369 1738 reli·

253 1772 354 1857 glosa
375 1791 394 1837 o
418 1771 635 1855 amplitudinis
657 1771 837 1838 metuendae
858 1771 1065 1838 uenerabilem
1086 1774 1259 1840 monstrans
1275 1775 1371 1860 atque

252 1876 412 1941 insinuans
434 1874 631 1960 dignitatem!
656 1874 750 1940 sicine
765 1874 845 1956 apud
859 1891 923 1955 uos,
947 1893 1066 1958 quaeso,
1082 1894 1282 1961 supernarum
1297 1897 1371 1944 nas·

253 1979 334 2044 citur
356 1979 522 2045 eminentia
543 1979 747 2061 potestatum,
778 1977 826 2043 bis
847 1978 880 2042 in
901 1978 1002 2046 lucem
1023 1978 1174 2061 prodeunt
1195 1983 1371 2065 generatio·

252 2081 342 2148 nibus
370 2081 414 2146 dii
441 2082 537 2147 uestri
568 2080 679 2164 quibus
712 2081 791 2148 asini
823 2080 907 2164 porci
939 2099 1042 2161 canoa,
1076 2071 1188 2165 quibus
1220 2083 1401 2152 inmundae

252 2185 326 2250 baec
347 2184 447 2248 omnis
469 2184 667 2267 conceptatur
688 2185 719 2248 et
738 2183 863 2267 genitur
876 2183 1067 2250 terrenarum
1081 2185 1237 2268 proluuies
1252 2186 1372 2254 bestia-

202 2282 243 2346 22
253 2290 344 2353 rum?
358 2307 414 2353 nec
428 2288 562 2352 contenti
576 2287 631 2353 hos
647 2289 749 2352 coetus
764 2286 914 2371 grauitati
930 2287 1106 2354 attribuisse
1121 2287 1292 2370 Saturniae,
1309 2291 1372 2358 eti·

252 2409 304 2457 am
317 2392 420 2475 ipsum
435 2409 538 2476 regem
553 2389 661 2455 mundi
674 2388 855 2473 flagitiosius
875 2390 988 2455 liberos
1002 2407 1175 2473 procreasse
1194 2411 1289 2474 quam
1305 2394 1373 2479 ipso

165 2498 168 2516 ¹
252 2497 300 2558 eat
314 2495 405 2559 natus
420 2493 512 2575 atque
527 2492 628 2558 editus
642 2492 835 2574 praedicatis.
864 2513 899 2558 ex
914 2492 1098 2577 Hyperiona,
1113 2495 1254 2581 inquitis,
1270 2499 1373 2564 matre

252 2596 283 2660 et
297 2615 333 2661 ex
347 2598 421 2663 Ioue
434 2596 602 2662 iaculatore
616 2594 757 2660 fulminis
768 2594 821 2662 Sel
836 2613 945 2662 aureus
961 2597 993 2662 et
1003 2595 1263 2682 flagrantissimus
1278 2602 1405 2668 natusa

252 2703 313 2765 est:
330 2719 365 2764 ex
379 2700 497 2764 Latona
512 2699 542 2763 et
557 2697 663 2763 eodem
678 2699 873 2781 arquitenens
887 2699 995 2766 Delius
1009 2701 1040 2766 et
1055 2702 1206 2768 siluarum
1220 2704 1374 2788 agitatrix

252 2803 369 2866 Diana:
404 2821 440 2868 ex
460 2799 543 2866 Leda
570 2801 601 2866 et
629 2801 732 2866 eodem
757 2798 965 2888 [arquitenens
986 2803 1094 2870 Delius
1116 2807 1148 2870 et
1170 2806 1338 2892 siluarum]
1356 2846 1374 2878 a

252 2923 360 2988 graece
374 2905 526 2970 Dioscorie
539 2923 659 2970 *nomen
681 2907 742 2970 est:
765 2926 801 2972 ex
816 2906 966 2972 Alcmena
987 2908 1138 2974 eteoclem
1151 2910 1301 2976 Hercules
1318 2911 1373 2977 ille

253 3007 425 3091 Thebanae,
439 3027 528 3090 quem
539 3009 628 3074 claua
639 3009 787 3091 pellisque
798 3009 902 3074 tutata
913 3012 997 3076 sunt:
1010 3029 1051 3077 ex
1063 3011 1184 3078 Semela
1195 3013 1290 3095 atque
1303 3014 1372 3096 ipso

252 3111 352 3192 Liber,
375 3112 428 3192 qui
442 3112 586 3177 Bromius
608 3111 722 3178 dicitur
737 3115 768 3177 ot
783 3130 819 3176 ex
833 3113 947 3178 femine
961 3113 1076 3179 iterum
1092 3119 1182 3181 natus
1196 3117 1313 3199 patris:
1337 3137 1403 3184 sxa

252 3213 318 3296 ipsc
332 3232 437 3279 rursus
453 3216 484 3279 et
494 3214 578 3280 Maia
588 3214 758 3282 Mercurius
769 3233 820 3280 cre
832 3215 979 3282 facundus
991 3218 1023 3282 et
1036 3218 1172 3302 gestator
1182 3219 1372 3287 adfabilium

286 3539 399 3592 3me
480 3540 511 3592 la
523 3556 566 3609 rap
583 3538 641 3598 H
728 3541 762 3594 10
773 3541 961 3596 molissimisP
1044 3543 1077 3596 12
1088 3543 1304 3612 amplituduisP

253 3625 287 3678 16
304 3625 426 3694 gignitur
444 3625 499 3678 sae
619 3625 795 3702 prolubiesP
907 3627 1040 3682 beatarum
1058 3629 1086 3682 P
1205 3630 1238 3684 17
1257 3635 1333 3686 conti
1351 3634 1379 3688 P

253 3726 339 3765 ccrrc
436 3711 533 3780 coetus]
547 3714 619 3765 ortus
638 3712 688 3766 Ura
789 3713 912 3783 camp?
1014 3716 1047 3768 18
1058 3717 1303 3783 prceeassePccrr

253 3811 400 3866 procreasse
418 3799 511 3850 uatum
529 3800 607 3866 atque
624 3797 725 3852 editum
746 3799 904 3867 praedicatis
921 3800 975 3854 Scb
1082 3801 1113 3854 19
1131 3802 1258 3870 ypcriona
1276 3804 1305 3857 P

253 3881 287 3935 20
298 3882 416 3935 fluminis
428 3883 455 3932 P
463 3899 526 3949 corr
610 3883 832 3951 flagrantissimus
844 3883 899 3939 Soc
911 3885 942 3938 ia
954 3900 1012 3938 err:
1029 3885 1262 3954 fragrantissimus
1275 3887 1304 3940 P

253 3968 285 4021 21
297 3967 407 4036 platona
419 3969 447 4021 P
457 3982 518 4022 corr
610 3970 747 4039 agitatrix]
760 3970 907 4025 habitatrix
919 3971 1089 4026 caldararum
1101 3971 1231 4039 agitatrix
1248 3972 1303 4026 Ura

251 4053 287 4106 22
296 4055 457 4122 arquiten⁰¹¹a
466 4056 494 4109 P
563 4055 731 4124 arquitenens
743 4056 826 4110 delius
839 4058 865 4110 et
876 4057 1005 4110 siluarum
1015 4073 1057 4111 om
1066 4058 1129 4124 Sal),
1143 4046 1304 4126 exponatis

253 4139 381 4194 laccorum
398 4142 521 4210 signauit
540 4141 610 4194 Sub.-
627 4141 794 4195 intercidisse
808 4148 887 4210 putot
909 4142 958 4196 Gal
975 4143 1071 4211 quibus
1096 4143 1147 4198 Ure
1163 4144 1296 4210 Castores,
1316 4146 1373 4214 qui-

254 4224 303 4279 bus
320 4226 456 4296 Babullius
474 4225 641 4295 Tyndaridae
659 4225 781 4281 Castores
799 4229 893 4296 quibus
996 4229 1029 4282 23
1047 4229 1149 4283 herculi
1164 4230 1303 4286 Peorrc‘
1349 4291 1374 4301 „-

253 4311 287 4366 24
303 4311 447 4366 thebasnus
465 4313 493 4366 P
616 4315 721 4367 tutatae
738 4313 791 4368 Sub
913 4312 1015 4368 Semela
1033 4314 1099 4382 Sob,
1117 4331 1147 4370 r:
1173 4315 1257 4368 emela
1275 4318 1317 4371 P.

253 4398 287 4452 25
304 4399 331 4451 et
348 4413 378 4451 ex
395 4397 494 4452 femine
510 4399 608 4452 iterum
625 4401 702 4454 natus
720 4400 802 4468 patris
820 4415 863 4454 om
880 4399 934 4454 Sub
1035 4399 1148 4455 feminae
1166 4403 1193 4456 P
1211 4418 1275 4458 corr

1235 4487 1246 4518 Ι
