2916 5010
598 401 695 495 u'rnu
715 439 750 495 11.
1186 437 1226 502 87

109 613 228 679 idcirco
250 631 316 679 esse
346 631 472 693 sanum,
502 615 582 696 quod
603 613 693 678 unius
718 613 876 698 unguiculi
898 613 1018 679 nullum
1040 611 1229 694 perpetiatur

109 718 266 783 dolorem:
300 719 354 784 aut
384 735 449 782 esse
478 736 601 783 auream
629 718 755 794 terram,
788 719 868 800 quod
896 717 929 781 in
950 715 1112 781 uenucula
1141 711 1229 778 collis

88 821 205 886 unius
235 821 331 908 insint
363 810 489 904 exiguae
520 821 667 900 miculae,
701 821 812 902 quibus
845 819 981 885 nascitur
1008 815 1228 900 colliquefactis

108 943 224 989 aurum
251 924 283 989 et
309 924 499 989 adcuratiore
533 924 764 1008 congregatione
797 923 1009 1005 conquiritur?
1046 920 1228 1002 qualitatem

82 1028 259 1092 emeterius
287 1028 471 1094 uniuersitas
500 1027 644 1093 elementi
674 1026 799 1110 probat,
828 1024 1079 1107 nonpuluisculi
1100 1021 1227 1100 flabiles,

107 1149 167 1195 nec
190 1149 274 1196 mare
296 1131 439 1196 continuo
462 1130 551 1196 dulce
573 1132 628 1209 est,
651 1131 678 1194 si
699 1130 832 1195 mitioris
854 1147 948 1212 aquae
970 1129 1077 1211 guttas
1098 1125 1227 1192 alicuius

107 1233 258 1298 adieceris
286 1235 378 1315 atque
404 1233 557 1298 inmiseris
585 1234 721 1299 numeri:
755 1233 946 1298 consumitur
974 1231 1055 1296 enim
1082 1227 1227 1295 minutias

106 1336 172 1400 ista
194 1335 345 1412 inmenso;
379 1338 410 1400 et
432 1353 492 1400 non
514 1335 603 1400 modo
625 1354 686 1401 non
708 1336 799 1420 parui
821 1336 874 1404 sed
897 1353 961 1401 esse
984 1333 1101 1400 nullius
1122 1330 1226 1398 eristi·

106 1439 258 1504 mandam
291 1440 339 1504 eat
370 1439 514 1504 mominis
547 1441 627 1522 qnod
655 1457 708 1521 per
735 1439 837 1504 omnia
863 1438 1012 1503 diffusum
1039 1436 1120 1521 perit
1141 1437 1172 1502 et
1193 1435 1227 1498 in

65 1543 216 1625 romagni
243 1542 377 1624 corporis
405 1543 599 1624 intercipitur
627 1543 782 1607 castitate,
817 1559 872 1607 uos
898 1542 1031 1607 humano
1059 1541 1093 1604 in
1118 1540 1277 1623 genereib

106 1643 205 1710 bonos
227 1663 293 1710 esso
315 1645 424 1711 dicatis
446 1645 539 1723 uiros,
561 1645 614 1727 qui
637 1648 672 1710 ut
694 1665 759 1710 esse
779 1647 951 1724 credantur,
975 1644 1148 1726 conparatio
1163 1642 1225 1708 for-

107 1747 192 1812 sitan
214 1747 328 1814 efficiat
349 1749 562 1830 pessimorum.
586 1749 712 1830 quinam
728 1749 782 1815 isti
798 1750 892 1814 sunt?
915 1748 1017 1813 dicite.
1041 1746 1224 1830 philosophi,
1306 1780 1310 1785 .

107 1851 217 1931 credo,
250 1852 303 1932 qui
336 1852 461 1933 quidem
494 1869 559 1916 esse
589 1852 669 1916 solos
697 1851 938 1935 sapientissimos
960 1851 1123 1915 autumant
1144 1850 1176 1914 et
1193 1848 1226 1914 ui

107 1953 202 2018 huius
235 1954 367 2019 nominis
400 1955 599 2037 supercilium
626 1955 832 2020 sustulerunt:
866 1972 974 2035 nempe
1002 1954 1053 2018 illi
1080 1953 1226 2036 quicum

67 2055 174 2120 rasuis
197 2057 309 2122 cotidie
331 2057 555 2139 cupiditatibus
577 2059 715 2142 pugnant
738 2059 769 2122 at
790 2057 926 2122 adfectus
942 2076 977 2122 ar
992 2057 1103 2122 animis
1117 2055 1225 2120 insitos

107 2162 297 2244 proturbare,
312 2161 424 2241 pellere
437 2161 583 2243 pertinaci
595 2161 764 2225 moliuntur
775 2160 979 2225 obluctatione
990 2159 1154 2237 uirtutum,
1172 2159 1225 2240 qui

106 2283 146 2326 ne
161 2263 193 2326 in
210 2262 288 2328 uitia
309 2263 452 2344 proritari
474 2263 631 2329 facultatis
653 2264 768 2344 possint
790 2263 921 2328 alieuius
943 2263 1103 2339 instinctu,
1126 2264 1224 2345 patri-

106 2366 211 2430 monia
233 2367 264 2430 et
287 2365 413 2430 diuitias
436 2366 562 2450 fugiunt
584 2369 615 2432 et
637 2385 743 2432 causas
765 2366 825 2431 sibi
840 2366 982 2431 auferunt
998 2366 1118 2448 lapsus:
1142 2366 1222 2447 quod
1294 2419 1297 2426 ,

107 2487 179 2532 cum
201 2467 319 2534 faciunt
341 2470 372 2532 et
394 2475 513 2547 curant,
537 2471 732 2553 apertissime
746 2470 865 2534 animas
881 2487 946 2534 esse
960 2467 1100 2534 indicant
1115 2467 1224 2532 labiles

68 2576 139 2634 acet
161 2571 343 2638 infirmitate
365 2573 405 2636 ad
426 2573 505 2637 uitia
526 2573 685 2655 procliues.
718 2575 824 2639 nostra
845 2575 949 2640 autem
971 2571 1123 2637 sententia
1145 2569 1224 2653 quod

108 2674 222 2739 bonum
243 2675 354 2740 natura
369 2675 416 2740 est
431 2694 528 2758 neque
543 2678 697 2743 emendari
711 2695 809 2760 neque
824 2675 936 2760 corrigi
950 2694 982 2740 se
996 2675 1104 2757 poscit,
1127 2673 1223 2738 immo

107 2763 213 2860 ipsum
234 2777 324 2842 debet
346 2779 419 2861 quid
441 2779 483 2844 sit
505 2780 623 2844 malurn
637 2782 760 2863 nescire,
784 2781 811 2845 si
827 2780 948 2865 generis
964 2779 1062 2845 forma
1077 2778 1223 2859 cuiusque

107 2880 142 2943 in
164 2897 219 2944 sua
242 2880 357 2964 cogitat
382 2878 387 2965 Ι
413 2881 592 2965 integritate
617 2885 769 2964 perstare:
804 2901 899 2965 nequa
927 2883 1009 2947 enirn
1037 2879 1306 2945 enarmonico

106 2983 238 3047 insitum
260 3001 326 3048 esse
348 2985 497 3049 contrario
519 2985 600 3067 potis
623 2987 669 3050 est
691 2989 745 3051 ant
767 2987 800 3050 in
821 2986 924 3069 inpari
943 2985 1059 3068 paritas
1082 2985 1137 3049 aut
1152 2983 1222 3048 dul-

69 3086 180 3152 accedo
206 3085 240 3150 in
272 3086 476 3164 amaritudine
509 3088 667 3154 contineri.
702 3089 755 3171 qui
785 3106 856 3174 ergo
885 3089 1021 3153 luctatur
1049 3085 1223 3153 animarum

139 3427 156 3480 3
174 3425 379 3495 colliquefacitia
392 3427 419 3480 P
430 3441 518 3481 conr
618 3427 637 3480 4
653 3425 819 3482 adcuratiore
830 3429 942 3496 scripsi.-
960 3428 1104 3482 admiratio
1117 3429 1143 3480 P
1159 3428 1222 3482 adu·

106 3511 215 3565 natione
230 3511 282 3565 Ura
383 3511 556 3580 bpuluiseuli
568 3511 671 3565 flabiles
684 3511 754 3566 Sat.-
765 3513 902 3581 pulliaculi
913 3513 1016 3567 flauiles
1029 3517 1055 3566 P
1155 3513 1222 3567 lin-

106 3597 186 3650 meris
204 3598 328 3652 Pcorrc
429 3591 493 3652 8'in
510 3598 639 3651 immenso
656 3597 708 3652 Urs
810 3602 838 3652 et
855 3599 1138 3654 nonchosmonnua:
1156 3599 1222 3652 etP

105 3683 218 3738 necSob
320 3683 409 3752 parnis
428 3684 528 3738 Pcorr
631 3684 779 3738 9nominis
794 3684 848 3740 Sub
951 3688 982 3740 11
1001 3686 1091 3740 dicitis
1107 3686 1155 3740 Gal

106 3770 139 3822 13
156 3769 202 3837 quui
220 3769 326 3838 qnidam
344 3771 456 3838 scripsi:
474 3770 536 3838 quid
556 3771 582 3824 P
599 3772 645 3840 qui
663 3787 690 3825 se
708 3773 761 3826 Sub
862 3788 917 3826 esse
935 3771 995 3827 aa?
1105 3773 1134 3826 ui
1156 3772 1222 3826 Urs.-

106 3855 173 3910 inP
274 3857 348 3910 1501
360 3856 427 3909 aab:
445 3857 472 3909 et
489 3872 520 3909 ex
537 3857 564 3910 P
665 3858 760 3911 animis
779 3859 850 3913 Sub:
867 3859 967 3913 animes
986 3860 1013 3913 P
1115 3859 1148 3912 16
1165 3857 1221 3926 pel·

105 3943 158 3995 lere
176 3942 342 4009 eapocaitc‘
443 3941 574 4011 pertinaci
597 3943 661 3998 Uro:
679 3945 852 4012 pertinacium
864 3946 892 3999 P
992 3945 1139 3998 moliuntur
1151 3943 1222 3998 Sub.-

106 4025 267 4080 molliuntur
277 4027 305 4080 P
372 4027 578 4082 obinata-atione
591 4029 619 4082 P
687 4030 720 4084 18
732 4031 769 4099 et]
782 4045 815 4083 ne
828 4030 883 4085 Sub
893 4034 926 4085 ut
938 4031 1153 4086 Elmcaborotiaa

107 4109 230 4166 auferunt
254 4111 474 4166 Hildebrcndiaa
498 4119 635 4182 tornqaom
659 4130 692 4168 aa
709 4115 812 4170 cedma:
840 4115 964 4170 adferunt
981 4118 1009 4171 P
1036 4117 1149 4172 afferant
1166 4115 1221 4170 Sub

106 4195 225 4250 auferant
242 4198 459 4252 Elnaeraboratiae
560 4200 593 4252 21
612 4201 710 4270 corrigi
732 4203 796 4255 Urs:
814 4202 912 4270 corripi
925 4203 953 4256 P
1052 4203 1087 4257 23
1104 4205 1221 4272 perstare

109 4281 169 4335 ool:
187 4285 305 4350 prestare
322 4284 349 4337 P
458 4284 492 4339 24
509 4288 570 4352 pote
582 4284 637 4340 Sub
743 4289 771 4340 in
789 4287 846 4342 odd
868 4288 920 4343 Ura
1021 4290 1056 4344 25
1073 4289 1220 4344 animarum

76 4433 96 4455 a
107 4366 261 4423 Maccus:
281 4368 427 4423 animorum
444 4371 471 4422 P
