2916 5010
586 465 686 522 niter
704 466 742 522 11.
946 443 947 448 ’
1163 469 1218 536 '75

54 662 56 670 s
107 638 195 704 nobis
227 637 375 723 reponitis
406 637 532 722 fierique
565 657 620 705 uos
652 639 723 706 deos
753 641 855 708 uestro
887 639 983 707 fiditis
1015 641 1221 725 intestinoque

108 742 232 819 conatu;
255 743 289 807 at
310 758 382 806 uero
404 758 458 807 nos
478 740 567 807 nobis
589 741 727 809 nibilde
742 743 847 810 nostra
865 743 1045 811 infirmitate
1065 745 1220 828 promitti·

106 862 176 910 mus
203 844 347 914 naturam
373 844 530 910 intuentes
557 845 694 912 nostram
722 846 838 914 uirium
860 865 924 914 esse
948 848 1106 914 nullarum
1128 849 1161 914 et
1182 848 1220 914 ab

108 947 172 1013 suis
195 947 365 1014 adfectibus
386 947 419 1012 in
440 947 523 1014 omni
551 954 654 1014 terum
681 949 873 1016 contentione
895 951 1040 1034 superari.
1074 969 1130 1016 uos
1152 970 1222 1017 cum
1322 1006 1324 1012 s

87 1049 243 1133 aprimum
273 1051 366 1117 soluti
394 1051 602 1118 membrorum
629 1052 767 1119 abieritis
789 1054 933 1133 enodis,
964 1055 1029 1120 alae
1057 1054 1145 1120 uobis
1166 1053 1221 1119 ad-

108 1151 229 1218 futuras
249 1154 367 1238 putetis
388 1153 500 1238 quibus
515 1154 555 1220 ad
570 1153 689 1220 caelum
703 1174 829 1240 pergere
844 1157 935 1238 atque
951 1157 990 1222 ad
1005 1158 1105 1223 sidera
1119 1156 1222 1224 uolare

108 1255 248 1338 possitis3
270 1275 325 1323 nos
346 1257 466 1324 tantam
486 1256 721 1324 reformidamus
743 1258 902 1324 andaciam
923 1277 979 1326 nec
1000 1259 1033 1324 in
1046 1262 1150 1326 nosue
1164 1260 1221 1325 dn-

57 1433 61 1443 ,
109 1359 208 1426 cimus
234 1377 299 1425 esse
325 1360 461 1442 positum
488 1361 639 1444 potestate
667 1379 715 1426 res
737 1379 861 1444 superas
882 1364 1001 1446 petere,
1025 1345 1094 1428 cum
1116 1369 1146 1428 et
1167 1363 1223 1430 hoc

108 1462 211 1546 rpem
231 1463 397 1530 habeamus
419 1464 580 1544 incertum,
603 1483 642 1530 an
663 1465 764 1530 idtam
786 1466 921 1549 accipere
944 1485 1114 1532 mercamur
1137 1468 1168 1531 et
1185 1465 1222 1530 ab

73 1564 177 1652 relege
204 1567 404 1633 mortalitatis
432 1567 552 1633 abduci.
585 1585 639 1633 uos
667 1568 700 1632 in
722 1569 1036 1635 anlam'dominicam
1064 1569 1222 1651 tamquam

11 1673 14 1680 '
109 1669 142 1734 in
168 1671 324 1753 propriam
356 1671 469 1736 sedem
492 1651 678 1737 remeaturos
706 1689 760 1738 uos
787 1675 894 1754 sponte
926 1672 1011 1738 nullo
1042 1671 1222 1754 probibente

109 1773 319 1856 praesumitis3
349 1776 382 1840 at
404 1791 476 1839 uero
497 1789 552 1839 nos
575 1773 661 1838 istud
682 1792 785 1842 rerum
807 1775 872 1840 sine
894 1775 1017 1842 domino
1039 1775 1106 1841 fieri
1127 1794 1223 1858 neque

110 1893 267 1958 speramus
281 1894 480 1961 poscensque
494 1875 553 1942 ulli
576 1875 581 1962 Ι
604 1876 766 1942 hominnm
780 1877 903 1944 tantum
917 1879 1078 1962 potestatis
1093 1877 1222 1944 attribui
1232 1889 1249 1939 f.
1259 1890 1293 1940 44

109 1977 309 2062 licentiaeque
342 1997 509 2046 censemus.
541 1997 618 2050 'cnm
649 1979 747 2063 igitur
780 1980 854 2047 baec
884 1981 930 2047 ita
963 1982 1042 2060 sint,
1075 1983 1272 2073 quaenamtl

75 2102 101 2141 n
110 2079 265 2147 iniustitia
286 2082 372 2148 tanta
394 2083 449 2162 est,
472 2083 508 2150 ut
529 2081 610 2148 fatui
631 2082 720 2150 uobis
735 2083 918 2150 credulitate
932 2085 965 2150 in
979 2085 1041 2150 ista
1056 2083 1224 2161 uideamur,

110 2207 183 2254 cum
202 2203 258 2253 uos
280 2186 311 2251 et
333 2186 448 2252 similia
469 2185 589 2252 credere
611 2189 641 2250 st
663 2187 696 2252 in
719 2188 825 2254 eadem
844 2188 1004 2253 uideamus
1020 2187 1225 2270 expectatione

109 2289 249 2357 uenena.
271 2289 298 2353 si
312 2289 457 2354 inrisione
473 2288 684 2355 existimamur
701 2290 796 2374 digni,
820 2289 901 2372 quod
916 2308 1002 2374 spem
1016 2289 1104 2356 nobis
1118 2289 1226 2355 buius·

110 2392 195 2459 modi
226 2392 422 2476 pollicemur,
457 2391 488 2457 et
509 2409 564 2457 uos
586 2393 692 2458 eadem
725 2391 879 2476 exspectat
910 2393 1028 2472 inrisio,
1060 2393 1227 2476 quispam

110 2497 200 2562 uobis
218 2495 463 2563 immortalitatis
486 2495 665 2561 adsciscitis.
687 2496 715 2562 si
734 2496 846 2561 tenetis
868 2495 983 2578 alioqui
1005 2493 1226 2577 sequiminique

71 2601 271 2684 arationem,
295 2600 326 2664 et
347 2599 434 2664 nobis
458 2599 594 2682 aliquam
616 2598 787 2684 portionem
802 2617 837 2664 er
853 2599 915 2664 ista
929 2598 1047 2665 ratione
1063 2595 1225 2663 concedite.

109 2704 137 2769 si
160 2703 247 2768 nobis
276 2702 350 2768 haec
377 2701 506 2786 gaudia,
535 2702 594 2768 boc
615 2703 664 2768 est
685 2702 769 2767 uiam
798 2701 960 2787 fugiendae
982 2701 1108 2779 mortis,
1137 2701 1244 2766 Platox

110 2808 144 2872 in
171 2805 310 2872 Phaedro
336 2805 675 2889 promisisset'aliusue
702 2824 738 2870 ex
766 2805 823 2870 boc
850 2805 941 2872 choro
970 2804 1130 2888 possetque
1158 2821 1226 2868 eam

110 2908 265 2994 praestare
286 2907 378 2991 etque
392 2908 431 2973 ad
445 2907 537 2974 finem
551 2908 791 2991 pollicitationes
805 2908 963 2986 adducere,
987 2908 1227 2973 consentaneum

111 3011 214 3078 fuerat
242 3011 307 3076 cius
337 3011 490 3094 suscipere
519 3028 574 3076 nos
603 3012 706 3077 cultus
735 3030 754 3077 a
781 3029 839 3094 quo
868 3012 992 3076 tanturn
1020 3009 1092 3076 doni
1121 3028 1226 3094 expec-

74 3116 249 3180 notaremus
282 3116 312 3179 et
345 3114 490 3180 muneris.
523 3131 605 3180 nunc
636 3133 708 3179 curn
740 3132 807 3180 eam
840 3112 980 3179 onustus
1012 3131 1072 3179 non
1104 3113 1227 3179 tantum

112 3217 288 3316 promiscuit
314 3236 422 3283 uerum
445 3218 539 3284 etiam
560 3217 730 3284 uirtutibus
756 3217 853 3282 tantia
875 3216 1120 3284 manifestauerit
1140 3233 1227 3299 posse

113 3319 275 3405 compleri,
303 3321 380 3403 quid
406 3321 540 3386 alienum
567 3320 699 3386 facimus
726 3321 783 3386 aut
804 3320 956 3386 stultitiae
978 3320 1094 3386 crimen
1116 3319 1227 3402 quibus

112 3423 284 3490 rationibus
298 3424 496 3503 sustinemus,
511 3424 539 3488 si
553 3425 618 3490 eius
632 3424 750 3491 nomini
765 3423 980 3506 maiestatique
995 3421 1226 3504 substernimur,

114 3543 214 3610 aquo
236 3545 393 3610 speramus
420 3529 602 3610 utrumque,
630 3527 661 3592 et
686 3529 818 3593 mortem
846 3524 1043 3592 cruciabilem
1069 3523 1175 3608 ingere
1197 3523 1229 3588 et

148 3885 166 3940 2
183 3887 213 3940 at
225 3884 296 3940 Sub:
313 3900 344 3940 ao
359 3885 383 3939 P
483 3885 500 3938 5
518 3899 532 3938 e
548 3883 614 3939 Ura:
631 3899 658 3944 se
677 3884 706 3938 P
806 3881 913 3938 senodes
931 3881 987 3938 aab
1004 3881 1097 3936 euodes
1112 3879 1162 3936 aa

114 3973 130 4026 Ἰ
149 3975 240 4026 nostm
257 3971 328 4027 Sub:
345 3973 464 4026 nostram
482 3971 510 4025 P
621 3969 741 4024 ducimus
759 3968 831 4025 Sob:
853 3968 965 4024 dicimus
982 3969 1010 4023 P
1121 3965 1229 4021 boecler

114 4057 192 4112 Solos
302 4057 335 4112 14
351 4056 542 4126 licentiaequae
559 4052 659 4110 Pocrr
671 4071 698 4126 c⁴
799 4055 832 4110 19
850 4054 950 4124 alioqui
972 4052 1114 4108 Oebterus:
1132 4051 1230 4122 aliquis

114 4141 144 4198 P
159 4134 277 4212 aliquam
295 4142 350 4198 Sub
459 4142 494 4196 20
511 4142 627 4212 aliquem
645 4142 672 4196 P
683 4157 744 4196 corr
852 4141 885 4194 21
902 4139 975 4195 ubrn
993 4138 1063 4194 Sub.-
1080 4139 1125 4192 uia
1137 4138 1165 4192 P
1276 4129 1284 4142 “

113 4227 149 4284 22
165 4228 195 4283 ίιι
212 4228 270 4283 cdd
293 4227 344 4283 Gal
460 4227 549 4283 foedro
567 4228 594 4282 P
610 4227 751 4284 Phaedone
771 4227 819 4282 Gal
931 4241 989 4280 snex
1006 4225 1034 4280 P
1145 4223 1180 4278 23
1197 4222 1231 4278 ad

115 4313 186 4369 Sub.-
212 4314 246 4368 ad
263 4313 292 4368 in
310 4315 338 4369 P
437 4313 642 4385 pollicitationes
659 4312 891 4386 Hildebrcadics:
914 4308 1118 4382 pollicitationis
1137 4310 1165 4365 P
1211 4301 1215 4310 “

113 4399 151 4454 24
167 4400 257 4456 cultus
275 4397 347 4456 Sub.-
364 4401 449 4456 cultos
467 4401 495 4456 P
564 4467 568 4476 Ι
595 4400 630 4456 28
647 4400 825 4476 susternimnq
839 4399 909 4454 Sub.-
926 4396 1120 4452 substernimus
1138 4395 1166 4450 P
