2950 5006
568 468 668 524 Liber
683 469 720 523 H.
1152 469 1196 536 53

84 660 142 707 nos
175 642 321 720 dicimus,
353 641 507 707 radiorum
539 643 570 706 et
602 641 728 707 luminis
766 641 933 708 intentione
966 641 1123 706 uideamus
1155 659 1195 706 an

83 763 189 810 rerum
210 745 361 828 imagines
390 744 533 810 aduolant
555 746 587 809 et
607 745 720 810 nostris
741 745 773 810 in
795 745 918 828 pupulis
940 744 1058 823 sidant;
1091 745 1194 809 utrum

85 864 177 930 saper
204 847 238 912 in
267 847 358 912 rebus
389 847 432 913 sit
464 866 503 913 an
531 847 628 931 palati
657 848 888 932 contagionibus
916 847 987 924 cae,
1020 846 1130 929 quibus
1160 865 1196 911 er

85 949 187 1015 musis
212 951 270 1032 pili
303 951 456 1035 nigrorem
489 934 662 1034 ingenitum
688 951 802 1033 ponant
833 969 941 1032 nequisx
956 968 1060 1014 omues
1081 949 1195 1031 pariter

59 1054 141 1118 escd
167 1053 319 1136 paulatim
348 1051 505 1118 adiciendo
531 1049 536 1136 Ι
562 1054 736 1129 canesmnt3
772 1051 846 1134 quid
873 1051 916 1118 sit
946 1051 1026 1134 quod
1053 1051 1278 1118 humomsreo

84 1156 224 1222 uniuersi
244 1176 341 1220 unum
363 1174 471 1238 corpus
494 1154 629 1221 officiant
650 1155 806 1235 mixtione,
829 1155 927 1222 solum
950 1155 1052 1220 oleum
1073 1156 1197 1236 respuat

83 1259 303 1326 immersionem
324 1258 358 1323 in
380 1278 412 1323 se
439 1259 521 1342 pati,
556 1259 607 1324 sed
633 1258 666 1322 in
693 1277 781 1322 suam
806 1259 949 1324 naturam
976 1257 1196 1338 inpenetrabile

84 1381 207 1445 semper
228 1361 384 1445 perspicue
406 1360 585 1446 colligatum
613 1360 679 1443 ipse
700 1361 830 1442 denique
852 1359 982 1438 animus,
1005 1360 1058 1442 qui
1079 1360 1194 1424 inmor-

84 1466 160 1532 talis
182 1483 200 1528 a
221 1464 309 1530 uobis
331 1466 362 1529 et
390 1463 463 1530 deus
498 1481 562 1528 esse
591 1465 742 1541 narratur,
768 1481 823 1528 cur
843 1462 877 1526 iu
903 1462 1001 1546 aegris
1029 1479 1116 1546 aeger
1143 1462 1193 1540 sit,

44 1569 125 1636 rein
146 1567 317 1634 infantibus
344 1566 489 1644 stolidus,
521 1566 554 1630 in
579 1565 733 1630 senectute
754 1565 902 1645 defessus,
937 1565 1033 1632 delira
1055 1565 1200 1632 ecbrttiat'

84 1671 119 1736 et
139 1671 266 1736 insana?
287 1688 396 1735 uerum
415 1668 578 1734 iufirmitas
598 1670 629 1733 et
648 1667 809 1734 inscientia
827 1668 1011 1736 miserabilis
1025 1669 1081 1734 hoc
1095 1668 1195 1752 magis

83 1775 144 1852 est,
166 1773 246 1856 quod
269 1791 338 1838 oum
360 1770 426 1836 fieri
447 1771 557 1853 possit,
581 1772 617 1834 ut
638 1772 703 1836 ueri
725 1771 843 1853 aliquid
864 1771 1025 1854 aliquando
1047 1772 1193 1851 dicamus,

84 1878 119 1942 et
138 1876 195 1941 hcc
221 1877 323 1957 ipsum
349 1875 436 1940 nobis
463 1875 614 1941 incertum
642 1876 698 1955 sit,
731 1893 771 1940 an
793 1877 858 1942 ueri
880 1876 997 1958 aliquid
1018 1877 1193 1942 dixerimus.

84 1981 118 2044 et
139 1979 281 2061 quoniam
302 1979 401 2044 ridere
426 1979 561 2043 nostram
583 1977 675 2043 fidem
705 1979 871 2044 consuestis
893 1981 984 2060 atque
1006 1979 1107 2062 ipsam
1128 1981 1222 2044 cre-8

45 2083 252 2148 sedulitatem
282 2081 400 2146 facetiis
432 2080 618 2147 iocularibus
648 2081 818 2161 lancinare,
851 2081 958 2163 dicite,
993 2099 1009 2145 c
1037 2080 1142 2147 festiui
1163 2083 1195 2147 ct

85 2203 205 2251 meraco
238 2185 406 2267 sapientiae
437 2183 529 2248 breti
550 2184 581 2248 et
604 2184 700 2248 saturi
727 2187 817 2266 potu,
851 2187 935 2250 estne
956 2184 1055 2267 operis
1076 2184 1109 2248 in
1130 2185 1195 2248 uita
1286 2223 1290 2232 ·

85 2289 276 2373 negotiosum
300 2287 423 2368 aliquod
445 2286 537 2368 atquc
560 2289 720 2352 actuosum
735 2304 841 2370 genus,
865 2287 944 2368 quod
959 2295 1020 2352 non
1033 2285 1092 2353 fide
1106 2305 1194 2368 prae·
1217 2310 1219 2314 ·

86 2391 178 2456 eunte
211 2389 380 2472 suscipiant
411 2392 537 2454 sumant
570 2390 660 2471 atque
694 2388 910 2472 adgrediuntur
936 2393 1074 2456 actores?
1108 2408 1194 2473 pere·

84 2493 264 2578 grinamini,
286 2492 442 2575 nauigatis
464 2509 524 2557 non
546 2491 669 2558 domum
692 2511 747 2557 uos
769 2493 925 2557 credentes
947 2492 1077 2574 peractis
1100 2508 1194 2575 nego·

40 2596 268 2664 ¹rotictionibus
295 2597 506 2661 remeaturos?
537 2595 651 2660 terrem
679 2594 759 2660 ferro
789 2594 929 2660 scinditis
950 2596 1042 2677 atque
1063 2594 1194 2676 oppletis

84 2700 240 2766 seminum
261 2698 410 2762 uarictme
431 2715 492 2765 nou
514 2697 669 2762 credentes
696 2715 750 2762 uos
771 2695 893 2780 frugem
915 2699 1106 2780 percepturos
1129 2715 1194 2767 esse

84 2803 206 2868 uicibus
227 2801 442 2882 temporariis?
475 2799 646 2883 coniugalia
667 2799 817 2882 copulatis
838 2799 988 2865 consortia
1008 2817 1068 2865 non
1089 2800 1195 2866 futura
1247 2786 1248 2790 ¹

85 2923 153 2970 esse
174 2904 330 2970 credentes
352 2905 436 2968 casta
457 2905 488 2968 et
509 2902 637 2968 officiosi
658 2902 786 2968 foederis
807 2901 840 2967 in
860 2903 1008 2968 marites?
1028 2902 1194 2968 libercmm

84 3008 268 3089 suscepistis
289 3006 406 3089 prolem
427 3025 487 3070 non
508 3005 691 3071 incolumem
713 3005 869 3070 eredentes
883 3005 948 3070 iore
963 3007 994 3069 et
1007 3023 1061 3087 per
1082 3008 1194 3088 gradus

43 3109 196 3174 resectis
218 3111 379 3174 uenturam
401 3108 566 3173 senectutis
593 3109 631 3172 ad
653 3109 774 3173 metas?
796 3107 1013 3191 ,aegritudines
1035 3126 1194 3190 corporum

85 3211 275 3277 mediccmm
302 3211 497 3276 committitis
523 3211 666 3275 manibus
693 3229 753 3275 nen
783 3211 938 3276 credentes
966 3211 1086 3276 morbos
1108 3229 1194 3292 posse

81 3315 231 3398 mitigata
252 3313 416 3396 asperitate
438 3313 548 3377 leniri?
570 3311 652 3379 bella
673 3331 744 3378 cum
765 3312 904 3378 hostibus
925 3314 1033 3397 geritis
1047 3331 1106 3378 non
1129 3313 1193 3379 uie·

84 3418 197 3483 tortam
229 3435 283 3483 uos
316 3417 470 3482 eredentes
496 3414 501 3501 Ι
526 3415 709 3497 proeliorum
745 3415 984 3481 successionibus
1020 3403 1292 3486 relaturostf.er¹

121 3617 407 3672 ladiorumPcorrr
490 3616 629 3671 ietSob:
647 3618 699 3672 eP
778 3616 887 3686 pupulis
900 3615 967 3670 Sob:
984 3615 1128 3686 populisP

84 3702 320 3772 iimpenctrabile
338 3703 405 3758 Sub.-
435 3701 635 3770 inpenetrabilis
654 3702 681 3757 P
814 3701 999 3770 8perspicnac
1022 3703 1050 3756 P
1066 3717 1127 3756 corr

84 3784 120 3844 10
137 3789 253 3843 defessus
269 3787 351 3842 delira
368 3786 492 3842 ecfnttiat
508 3791 536 3842 et
553 3786 666 3842 insana?
691 3803 784 3841 uerum
800 3787 910 3855 scripsi.-
932 3786 1047 3842 defessus
1065 3786 1149 3841 delira
1166 3791 1193 3842 ct

82 3875 178 3930 futura
200 3877 228 3928 ct
252 3871 346 3928 insana
362 3889 473 3943 quorum
490 3873 517 3928 P
539 3872 675 3928 defessus?
699 3874 782 3928 dclim
799 3873 916 3927 otiatus
933 3874 961 3926 ct
977 3872 1068 3926 insana
1085 3888 1194 3941 quorum

86 3961 139 4016 Get
156 3960 272 4014 idemus
293 3959 388 4014 deliret
405 3962 434 4014 et
453 3959 525 4014 istuc
542 3961 570 4012 ct
591 3958 704 4013 insane?
733 3973 845 4028 quorum
867 3959 903 4014 N.
920 3957 1053 4012 Heinsius
1069 3957 1194 4026 derasus,

81 4046 169 4101 delira
190 4046 296 4100 effutiat
320 4048 348 4099 et
364 4045 479 4128 insanpi
506 4059 617 4115 quorum
647 4043 775 4099 Oeblerue
892 4045 942 4098 111
968 4043 1107 4098 inscientia
1124 4043 1194 4098 Sub:

83 4131 213 4186 incientis
230 4133 258 4187 P
383 4133 416 4186 12
434 4130 504 4200 qnod
523 4129 587 4185 Gal:
610 4131 641 4184 ut
658 4130 730 4185 Pet
747 4129 801 4185 Sub
923 4129 1063 4199 aliquando
1082 4130 1146 4196 Sub,
1164 4146 1193 4184 r:

79 4203 226 4287 aliquado
244 4217 271 4272 P
377 4217 410 4271 16
427 4215 521 4271 stincti
538 4216 564 4267 P
666 4216 699 4270 18
716 4219 816 4270 actores
833 4215 980 4281 Meorsics,
997 4230 1027 4268 r.-
1049 4217 1150 4270 attorcs
1167 4217 1195 4270 P

80 4319 120 4358 an
138 4304 216 4358 terris
235 4301 289 4358 Sub
391 4301 425 4356 20
443 4300 577 4356 scimditis
589 4300 616 4355 P
715 4301 750 4355 24
767 4299 923 4370 susceptatis
935 4300 1095 4356 Haeccine:
1114 4301 1197 4356 susci-

83 4387 166 4459 piatis
183 4389 211 4443 P
227 4387 360 4456 suscipitis
379 4387 432 4442 Scb
534 4387 567 4441 26
584 4385 748 4440 committitis
766 4387 794 4440 P
