2888 5008
577 455 679 509 cruor
701 453 758 508 vu.
1045 525 1050 537 ¹
1159 457 1221 522 279

106 629 276 709 praestans,
300 629 422 693 sauctus
437 627 520 706 deus,
544 627 654 692 salutis
670 627 769 711 dator,
791 625 1004 693 ualetudinum
1018 627 1222 710 pessimarum

105 730 317 815 propulsator,
350 730 521 815 prohibitor
549 731 582 796 et
610 721 777 809 extinctor,
811 729 959 812 serpentis
988 730 1036 794 est
1064 729 1161 795 forma
1191 731 1223 794 et

107 832 389 915 circumscriptione
419 832 537 913 finitus,
569 852 622 916 per
650 834 765 899 terram
794 832 931 915 reptans,
962 848 1053 898 caeno
1082 832 1164 896 uatis
1186 831 1222 896 ut

105 937 285 1002 uarmiculis
311 954 378 1002 mos
406 936 468 1017 est,
498 935 599 1002 solum
626 937 730 1001 mento
752 935 834 1001 radit
855 937 888 1001 ot
907 934 1043 1016 pectore,
1074 933 1222 999 tortuosis

74 1067 93 1105 ⁵
104 1039 317 1107 uoluminibus
332 1059 364 1105 11
378 1039 517 1118 trahens,
539 1038 631 1122 atque
646 1042 681 1104 ut
695 1057 822 1124 pergere
834 1054 959 1122 prorsus
972 1037 1079 1120 possit,
1101 1036 1221 1119 partem

103 1142 156 1208 sui
177 1147 364 1226 postremam
393 1142 552 1208 conatibus
578 1141 688 1224 prioris
716 1140 850 1207 adducit
883 1144 914 1205 et
935 1140 1080 1223 quoniam
1104 1139 1270 1224 legitures

103 1263 180 1311 usus
202 1245 279 1312 cibis
301 1245 411 1326 etiam,
441 1245 551 1328 quibus
573 1245 641 1311 uita
662 1243 695 1310 in
717 1244 893 1326 corporibus
913 1243 1098 1323 inmoratur,
1127 1242 1220 1308 babet

102 1349 229 1432 patulas
250 1349 363 1429 fauces,
385 1348 496 1432 quibus
519 1348 602 1414 cibos
624 1347 799 1413 bausuorat
820 1347 881 1412 oris
901 1346 1039 1413 hiatibus
1057 1345 1220 1428 adpetitor,

102 1450 200 1517 habet
220 1452 449 1536 receptaculum
470 1450 588 1517 neutris
618 1451 649 1516 ct
671 1451 725 1515 ubi
746 1468 856 1517 mansa
884 1453 915 1514 et
942 1452 1047 1514 uorata
1071 1449 1221 1531 decoquat

59 1575 94 1612 ιο
103 1552 233 1632 uiscera,
255 1554 383 1638 sanguis
405 1553 495 1620 detur
516 1554 552 1619 ut
573 1554 690 1636 corpori
712 1554 744 1618 et
765 1553 885 1619 uiribus
907 1551 1127 1636 redintegratio
1147 1551 1221 1618 sub·

103 1656 245 1739 rogetur,
271 1656 368 1726 habet
390 1657 422 1720 et
443 1658 595 1722 1111111111
623 1657 782 1736 tramites,
811 1676 866 1740 per
887 1674 962 1740 quos
981 1655 1130 1721 inmunda
1151 1655 1220 1721 faex

103 1761 157 1822 eat
185 1759 350 1824 auersabili
379 1777 503 1842 corpora
531 1758 678 1826 foeditate
707 1760 884 1826 deonerans.
918 1758 1087 1844 siquando
1116 1757 1220 1822 mutat

102 1861 173 1926 loca
193 1863 225 1926 et
245 1861 283 1953 ab
307 1861 378 1927 aliis
400 1862 575 1947 transgredi
595 1860 630 1926 in
652 1862 729 1927 alias
744 1862 882 1947 regiones
897 1862 996 1947 parat,
1018 1879 1078 1926 nou
1093 1862 1129 1926 ut
1143 1860 1218 1925 deus

102 1963 232 2029 obscure
260 1983 315 2048 per
343 1955 431 2049 caeli
450 1963 554 2029 euolat
582 1964 683 2030 sidera
711 1966 885 2048 punctoque
918 1965 950 2030 iu
984 1962 1132 2047 temporis
1164 1961 1218 2027 ubi

60 2085 198 2132 secema
217 2065 423 2150 postulauerit
443 2066 575 2146 sistitur,
598 2067 651 2134 sed
665 2068 754 2133 uelut
769 2068 884 2134 animal
899 2069 1025 2134 brutum
1040 2065 1220 2133 uehiculum

102 2187 164 2250 quo
186 2169 375 2236 sustineatur
395 2170 484 2252 petit,
507 2171 604 2236 undas
625 2170 727 2254 pelagi
751 2171 833 2235 uitat
854 2171 946 2252 atque
961 2173 997 2236 ut
1011 2171 1099 2235 tutus
1123 2169 1220 2252 possit

100 2271 329 2355 incolumisque
350 2272 509 2354 praestari,
532 2290 603 2338 cum
624 2272 801 2338 homiuibus
823 2291 933 2338 nauem
955 2271 1096 2338 ascendit
1117 2272 1148 2337 et
1162 2271 1217 2336 illc

101 2374 245 2457 publicae
267 2363 412 2442 sanitatis
426 2374 500 2440 dous
515 2373 619 2458 fragili
638 2393 671 2440 se
684 2375 769 2460 ligno
783 2375 815 2442 et
828 2374 1006 2440 tabularum
1020 2373 1218 2457 compagibus

102 2476 210 2542 credit.
248 2494 309 2542 non
342 2478 529 2544 arbitramur
564 2477 702 2544 euincere
733 2479 826 2560 atque
862 2477 999 2544 obtinere
1030 2493 1086 2542 uos
1117 2493 1217 2561 posse,

59 2578 325 2662 aersculapium
345 2580 437 2646 illum
458 2580 557 2646 fuisse
577 2581 758 2663 serpentem,
781 2581 842 2647 uisi
863 2581 944 2646 hunc
965 2579 1097 2646 colorem
1112 2580 1218 2645 uolue-

100 2681 173 2746 ritis
205 2681 364 2761 inducere,
398 2684 435 2748 nt
466 2683 500 2748 iu
532 2696 665 2768 anguem
697 2682 809 2750 dicatis
842 2683 1026 2750 conuertisse
1055 2700 1087 2749 se
1114 2682 1216 2761 deum,

101 2785 266 2866 quominus
294 2785 411 2851 curiose
438 2789 562 2868 possent
589 2785 732 2868 quisnam
759 2787 841 2852 esset
870 2787 925 2852 aut
951 2785 1051 2869 qualis
1078 2784 1218 2850 homines

100 2887 226 2952 intueri.
260 2889 341 2970 quod
362 2887 390 2952 si
411 2887 503 2952 luerit
526 2906 544 2952 1
564 2887 653 2954 uobis
675 2887 804 2968 dictum,
826 2908 920 2973 quam
941 2883 1219 2953 infirmiterinua-

101 2990 224 3072 lideque
246 2989 377 3069 dicatur,
399 2990 467 3072 ipsa
488 3009 591 3055 rerum
611 2991 814 3073 inaequalitas
832 2991 988 3058 iudicabit
1019 2991 1144 3056 sienim
1161 2987 1167 3076 Ι
1185 3002 1305 3056 111111

61 3114 91 3154 11
102 3092 178 3158 deus
199 3092 298 3158 uideri
320 3096 359 3161 ab
380 3093 555 3158 bominibus
571 3092 719 3173 enitabat
741 3111 796 3160 1111
809 3095 843 3159 in
856 3094 1121 3177 forma'serpautis
1135 3094 1217 3160 uelle

101 3195 211 3261 debuit
232 3195 384 3277 conspici,
408 3215 484 3261 cum
505 3195 538 3261 iu
559 3195 696 3279 qualibet
717 3195 817 3262 forma
843 3214 903 3261 nou
925 3195 964 3262 ab
986 3197 1053 3279 ipso
1074 3215 1107 3263 se
1128 3197 1217 3275 alius,
1259 3253 1261 3258 ,

103 3297 157 3364 sed
189 3298 255 3382 ipsa
288 3299 366 3363 essct
399 3297 532 3363 futurus.
565 3298 614 3362 siu
644 3302 749 3365 autern
778 3297 950 3364 intenderat
979 3299 1164 3365 cernendum
1186 3319 1218 3364 se

102 3401 289 3467 dare-non
305 3400 387 3466 cuim
402 3401 509 3466 debuit
523 3403 680 3466 oculorum
694 3419 805 3485 negare
816 3418 848 3466 11
861 3401 1148 3484 conspectui-cur
1158 3419 1218 3466 uon

135 3626 152 3678 3
170 3628 278 3693 reptans
290 3623 358 3680 Sub:
376 3626 498 3693 cteptans
516 3627 542 3692 (1
553 3626 624 3694 eruc)
643 3625 670 3679 P
784 3624 801 3678 6
818 3624 999 3680 contractibus
1015 3625 1214 3695 [1111111111-

101 3709 241 3764 uatibus?
341 3711 403 3764 911
415 3709 484 3764 Sol:
503 3709 574 3764 utP
675 3710 865 3778 dequuquatP
922 3768 923 3774 ,
964 3711 1216 3778 naamitarum,

100 3812 130 3848 r:
148 3796 290 3850 tramuites
307 3796 335 3850 P
433 3796 467 3849 14
483 3795 600 3864 obscure]
619 3794 722 3850 ocius?
823 3795 858 3850 15
874 3794 981 3851 sistitur
998 3795 1070 3852 Sub.-
1086 3795 1220 3850 aititan

101 3880 220 3936 sititurr
304 3882 338 3936 18
355 3881 573 3950 fragilisPcorr
662 3879 833 3950 compagibus
845 3880 1154 3952 Sob,r.·compaginsP

100 3967 135 4020 20
151 3965 310 4036 ercolapium
323 3967 350 4021 P
450 3965 485 4020 22
502 3965 642 4035 quominus
659 3966 761 4021 curiose
771 3967 884 4037 arripat-
901 3983 953 4036 quo
964 3967 1072 4022 mentiri
1083 3983 1110 4021 11
1123 3968 1150 4022 P

98 4053 208 4121 possent
229 4052 296 4108 Ura:
318 4047 392 4122 posse
409 4053 437 4106 P
458 4053 545 4121 posset
564 4051 618 4106 Sub
730 4052 818 4122 qualis
840 4053 906 4108 Urs:
930 4053 1020 4121 quales
1038 4054 1066 4108 P
1165 4069 1216 4124 quo

99 4137 208 4191 mentiri
226 4153 255 4190 se
265 4139 356 4207 posset
372 4154 419 4192 uec
437 4136 559 4207 quisnam
577 4139 625 4192 ant
636 4137 724 4207 qualis
734 4141 843 4208 possent
853 4139 973 4194 homiues
984 4139 1082 4196 intueri
1098 4141 1149 4196 Urs
1165 4155 1218 4210 quo

99 4223 208 4276 mentiri
217 4237 245 4276 sc
254 4223 343 4291 pcset
351 4225 378 4276 et
386 4221 508 4292 quisnam
517 4224 585 4276 essct
593 4225 641 4278 aut
649 4223 736 4292 qualis
745 4223 794 4278 boc
802 4223 890 4278 minus
899 4225 1000 4281 intueri
1008 4228 1151 4284 Mauortius

99 4307 134 4362 24
145 4307 270 4363 dicautur
282 4307 336 4363 Sub
422 4306 543 4362 111111.
555 4308 584 4361 P
666 4309 701 4362 26
711 4307 832 4378 qualibet
845 4308 906 4377 Sub,
919 4326 949 4365 r.-
967 4312 1068 4381 qualib,
1083 4315 1112 4368 at
1123 4315 1152 4369 P

98 4391 133 4445 28
150 4391 462 4461 uon...conspectuidel
478 4391 594 4448 Orelliuc
673 4395 700 4447 ct
714 4394 893 4448 nonZiclcircs
973 4397 1151 4455 enimuddida'

100 4495 127 4531 se
144 4478 243 4533 addidi
