2950 5006
608 451 705 506 Liber
722 452 744 504 l.
1192 460 1229 522 11

39 619 43 627 '
115 625 196 704 quod
232 625 297 688 tam
334 642 426 690 saeua
460 623 600 707 prodigia
635 627 785 709 genituris
819 627 1006 708 spirantibus
1039 628 1230 694 addiderunt.
1244 634 1281 694 11

115 726 312 807 superciliosa
346 726 479 792 nimium
507 746 554 792 res
581 730 642 808 est,
677 748 748 794 cnm
774 730 902 812 ipsesis
928 732 1097 809 neutuna,
1131 733 1232 797 aliena

115 829 210 894 etiam
230 830 264 896 in
291 830 479 913 possessione
506 832 650 910 nonacris,
678 832 902 915 potentioribus
931 832 1002 898 dare
1025 825 1231 900 condicionem

114 933 211 1016 uelle,
245 936 281 999 ut
301 934 334 998 id
355 934 409 999 fiat
431 935 511 1017 quod
534 935 654 1018 cupias,
690 954 749 1000 nou
783 939 862 1018 quod
889 937 922 1001 in
954 937 1043 1002 rebus
1077 939 1230 1003 inueneris

91 1036 251 1117 santiquis
274 1038 542 1104 constitutionibus
564 1039 668 1104 lixum.
696 1059 788 1122 quare
815 1040 927 1106 habere
949 1041 976 1104 si
997 1039 1098 1106 locum
1113 1043 1230 1108 uestras

113 1139 213 1203 uultis
235 1141 453 1222 querimoniae,
476 1143 631 1222 homines,
665 1145 750 1226 prius
773 1146 819 1208 est
847 1145 882 1208 ut
905 1144 1054 1224 doceatis,
1078 1146 1157 1210 unde
1180 1146 1230 1210 uel

113 1243 168 1323 qui
190 1243 269 1322 sitis,
292 1243 418 1310 nobisne
440 1245 483 1309 sit
504 1246 628 1328 genitus
650 1248 681 1312 et
703 1246 872 1312 fabricatus
894 1249 1027 1312 mundus
1049 1267 1087 1312 en
1112 1249 1144 1312 in
1160 1267 1230 1312 eum

113 1345 267 1410 ueneritis·
282 1346 391 1412 alicnis
414 1367 450 1413 ex
471 1349 648 1432 regionibus
670 1349 823 1431 inquilini.
857 1351 937 1432 quod
959 1369 1028 1415 cum
1051 1351 1148 1416 dicere
1170 1371 1229 1416 non

114 1449 157 1515 sit
188 1451 326 1515 uestmm
359 1469 456 1534 neque
484 1453 632 1534 explicare
658 1453 783 1535 possitis
806 1452 893 1518 cuius
915 1454 959 1518 rei
982 1473 1073 1520 causa
1095 1453 1150 1518 sub
1173 1453 1229 1518 bac

74 1553 192 1618 accaeli
213 1554 393 1620 connexione
415 1556 590 1635 nersemini,
614 1557 754 1623 desistite
775 1557 925 1622 arbitrari.
940 1558 1093 1640 pertinere
1114 1557 1153 1622 ad
1175 1574 1230 1620 uos

113 1657 287 1740 quicquam,
311 1677 380 1723 cum
402 1678 437 1724 ea
459 1678 535 1741 quae
557 1660 637 1726 fiunt
658 1679 718 1726 uon
740 1660 894 1744 partiliter
915 1660 1001 1738 fiant,
1024 1659 1077 1726 sed
1096 1662 1135 1726 ad
1158 1679 1229 1724 cen-

113 1779 164 1824 sus
179 1778 332 1825 summam
346 1762 469 1828 redeant
484 1762 711 1846 referanturque
726 1765 833 1830 totius.
861 1763 1111 1842 Christianomm
1127 1763 1229 1844 inqui·
1244 1768 1280 1830 13

112 1865 186 1941 unt,
214 1882 305 1928 causa
333 1866 415 1930 mala
443 1867 545 1932 omnia
561 1866 605 1930 'di
633 1867 777 1950 ingerunt
805 1869 837 1931 et
864 1867 1009 1932 interitus
1037 1867 1229 1948 comparatur

112 1966 151 2030 ab
168 1967 285 2047 superis
301 1966 451 2050 frugibus.
473 1985 556 2052 rogo,
579 1988 650 2033 cum
664 1970 738 2034 haec
752 1970 864 2049 dicitis,
888 1988 950 2035 non
973 1969 1152 2034 calumniari
1175 1987 1228 2033 uos

74 2093 101 2131 rs
111 2069 249 2150 improbe
264 2070 297 2134 in
312 2070 426 2153 apertis
441 2071 616 2153 conspicitis
631 2071 861 2154 manifestisque
883 2073 1071 2140 mendaciis?
1100 2072 1229 2136 trecenti

111 2173 184 2238 sunt
205 2173 276 2237 anni
299 2172 395 2238 ferme
416 2173 518 2239 minus
540 2175 590 2239 uel
611 2176 682 2258 plus
696 2175 824 2256 abqnid,
848 2195 882 2240 cx
905 2193 963 2258 quo
985 2176 1141 2258 coepimus
1163 2193 1229 2239 esse

111 2273 276 2340 Christiani
305 2279 336 2341 et
361 2279 513 2342 terrarum
539 2278 571 2344 in
593 2279 664 2344 orbe
685 2280 815 2344 censeri:
844 2279 993 2361 numquid
1015 2278 1157 2344 omnibus
1178 2279 1227 2342 bis
1307 2295 1314 2306 ¹

111 2379 200 2444 annis
223 2380 366 2444 continua
387 2380 511 2446 fuerunt
532 2381 631 2460 bella,
661 2382 819 2448 continuae
849 2383 1037 2460 sterilitates,
1059 2400 1117 2463 pan
1140 2381 1227 2444 nulla

110 2482 272 2562 interris·
287 2481 374 2548 nulla
395 2484 535 2565 protinus
557 2484 662 2552 uilitas
683 2487 736 2551 aut
751 2486 936 2552 abundantia
951 2504 1053 2550 rerum
1067 2485 1148 2549 fuit?
1170 2484 1227 2547 boc
1301 2545 1303 2550 .

72 2585 193 2649 coenim
213 2587 348 2666 primum
370 2586 564 2652 efficiendum
590 2589 636 2652 est
659 2590 686 2652 ei
712 2585 775 2670 qui'
794 2607 847 2654 nos
870 2589 989 2672 arguit,
1012 2589 1173 2670 perpetuas
1196 2588 1227 2651 et

109 2687 197 2770 iuges
219 2688 410 2756 calamitates
431 2689 527 2756 fuisse
542 2690 605 2768 bas,
628 2710 795 2772 numquam
817 2692 940 2756 omnino
961 2691 1124 2772 respirasse
1145 2708 1227 2754 mor·

109 2788 186 2854 talia
223 2795 254 2856 ct
289 2792 353 2857 sine
384 2793 457 2858 ullis
495 2794 531 2858 ut
564 2793 677 2858 dicitur
714 2793 799 2857 feriis
832 2794 1052 2875 multiplicium
1078 2793 1083 2876 Ι
1113 2793 1277 2860 formasse

110 2895 294 2960 sustinuisse
330 2896 553 2962 discriminum.
597 2896 704 2976 atquin
737 2896 876 2961 uidemus
912 2897 1023 2961 mediis
1057 2896 1106 2960 his
1139 2897 1226 2961 annis
1240 2899 1277 2959 ll

109 2997 279 3080 mediisque
300 2999 489 3082 temporibus
512 3019 547 3064 ex
569 3000 662 3066 uictis
676 2999 815 3074 hostibus
829 3000 1066 3065 innumerabiles
1082 3018 1147 3064 esse
1162 2999 1226 3064 uic·

71 3125 99 3165 rs
109 3100 204 3164 torias
219 3103 398 3183 reportatas,
421 3103 556 3185 prolatos
570 3104 693 3184 imperii
707 3102 783 3168 finos
798 3104 875 3168 etin
891 3105 1074 3186 potestatem
1088 3105 1227 3169 redactas

108 3202 243 3268 inauditi
256 3207 390 3271 nominis
404 3207 556 3273 nationes:
578 3225 791 3289 saepenumero
806 3208 954 3273 maximos
969 3226 1118 3273 annorum
1132 3206 1227 3270 fuisse

108 3308 291 3392 prouentus,
320 3309 459 3375 uilitates
481 3312 573 3392 atquc
595 3309 799 3376 abundantias
827 3330 928 3376 rerum
956 3311 1058 3376 tantas
1087 3311 1120 3373 ut
1143 3327 1226 3374 com-

107 3409 224 3473 mercia
238 3411 396 3492 stuperent
411 3413 553 3478 uniuersa
567 3413 735 3494 pretiomm
750 3414 933 3478 auctoritate
945 3413 1104 3496 prostrata.
1121 3431 1228 3494 quem·

143 3619 158 3666 3
176 3616 325 3682 possesione
343 3616 370 3670 P
472 3618 663 3672 condicionem:
689 3617 756 3668 nelle
777 3618 808 3667 ut
828 3614 988 3669 Stewecbius
1089 3617 1105 3669 6
1123 3615 1225 3684 quaeri-

107 3699 251 3754 moniasP
330 3704 370 3755 est
387 3718 447 3771 cop.
460 3705 571 3758 cers?
650 3701 794 3777 doccamtis
808 3700 834 3753 P
851 3715 912 3753 corr
991 3701 1142 3756 ancnoris
1155 3702 1182 3754 P

107 3788 140 3840 11
158 3787 293 3855 partiliter
316 3787 384 3841 Urs.-
407 3787 529 3857 pariliter
542 3790 570 3842 P
671 3803 763 3842 census
781 3786 848 3841 Urs:
867 3795 953 3840 sensu·
971 3787 998 3841 P
1099 3787 1130 3840 12
1147 3813 1225 3841 asae

104 3873 191 3927 totius
209 3873 237 3926 P
373 3874 405 3926 13
422 3871 450 3926 di
467 3874 595 3943 ingerunt
617 3874 728 3942 scripsi:
754 3873 794 3927 dii
812 3875 890 3926 erunt
915 3872 943 3924 P
965 3872 1004 3926 dii
1022 3871 1111 3926 ferunt
1128 3888 1144 3924 r
1167 3871 1224 3926 adi·

105 3961 200 4014 ierunt
210 3961 249 4014 sic
261 3959 317 4014 Sub
331 3957 370 4012 dii
383 3962 478 4013 emunt
488 3959 691 4014 Kbccsmorm
776 3959 809 4012 14
826 3957 984 4013 calumniari
997 3959 1052 4013 Sub
1063 3960 1092 4011 in
1104 3974 1164 4011 err:
1182 3973 1224 4010 oa·

106 4045 243 4098 lumniare
261 4046 289 4098 P
403 4047 435 4100 15
452 4047 597 4100 mendaciis
615 4046 678 4114 Sub,
696 4060 726 4100 r:
748 4045 894 4100 mendaciis
911 4044 939 4098 P
1054 4045 1086 4098 16
1102 4044 1225 4104 fermeme

105 4131 135 4183 P
150 4146 214 4184 corr
317 4131 350 4184 18
367 4131 469 4184 nnllam
487 4133 515 4186 P
533 4147 595 4186 corr
670 4132 743 4205 ι20
760 4133 784 4186 ei
806 4133 868 4186 Gal:
894 4133 922 4186 et
938 4131 965 4185 P
1067 4132 1099 4185 21
1117 4133 1223 4186 omnino

109 4215 174 4270 Ger:
198 4216 288 4268 omnia
304 4232 357 4270 non
375 4217 403 4270 P
503 4217 686 4286 ibatquiinP
787 4219 821 4272 24
839 4234 869 4271 cx
887 4218 991 4274 Sabin
1009 4234 1069 4272 err:
1092 4219 1158 4272 ctP

104 4301 140 4354 26
157 4300 285 4354 inauditi·
303 4303 331 4356 P
444 4319 563 4358 annonae
586 4304 637 4358 Urs
743 4306 776 4359 27
794 4307 935 4373 prouentos
955 4305 982 4357 P
999 4320 1058 4359 corr
1162 4305 1225 4358 uili-

107 4387 176 4440 tatis
192 4387 221 4440 P
238 4403 300 4441 corr
