2888 5008
237 501 300 567 202
543 499 683 554 Arnobii
704 500 864 554 aduersus
885 499 1040 554 nationes

237 672 413 757 opinionum
443 672 586 737 uideetm
613 672 757 756 audacia,
795 673 861 737 sine
889 672 985 737 ullius
1014 671 1118 737 tamen
1147 670 1355 736 insectatione

236 793 381 858 personae
402 775 493 842 iidem
515 775 605 840 rebus
620 792 680 840 non
695 775 909 840 adcommodat
926 775 1091 839 inuolutis:
1114 773 1146 840 et
1159 773 1214 856 qui
1229 773 1354 858 generis

236 881 395 945 adseuerst
425 895 474 944 eos
499 879 598 944 fuisse
626 879 754 956 terreni,
785 879 925 961 quamuis
955 895 1005 942 eos
1031 878 1132 960 priuet
1154 875 1354 942 sublimitate
1435 881 1436 900 ³

236 970 389 1060 caelitum,
413 982 577 1048 subsiciuis
598 983 703 1048 tamen
725 983 905 1047 adcumulet
927 981 1080 1058 laudibus,
1103 982 1256 1063 siquidem
1280 980 1354 1045 illos
1435 1065 1436 1070 ἵ

237 1086 412 1154 diuinitatis
445 1087 485 1150 ad
517 1086 664 1153 meritum
696 1085 851 1151 benefieiis
879 1087 1021 1150 autumat
1050 1084 1082 1149 et
1109 1069 1265 1148 uirtutum
1297 1084 1384 1149 erl-s
1435 1171 1436 1180 ἵ

186 1188 222 1249 el
235 1189 450 1255 mirationibus
472 1189 658 1256 subleuatos.
692 1208 746 1254 uos
769 1205 849 1268 uero,
873 1190 925 1272 qui
947 1188 1083 1253 uindioes
1106 1188 1264 1252 eteorum
1281 1205 1352 1252 oon-
1435 1183 1436 1238 Ῡ

134 1296 153 1346 f·
165 1295 227 1344 114¹*
236 1292 362 1358 tenditis
376 1293 621 1357 immortalitatis
637 1310 703 1357 esse
716 1291 965 1376 propugnatores,
989 1309 1085 1356 unum
1101 1310 1137 1354 ex
1151 1289 1199 1354 his
1219 1288 1224 1373 l
1243 1309 1355 1372 quem·
1435 1295 1436 1324 ³

235 1396 321 1478 piam
342 1396 546 1480 praeteristis,
569 1395 725 1460 transietis
747 1395 859 1460 uestris
882 1393 1149 1458 maledietionibue
1171 1393 1353 1458 inuulnera-

235 1497 326 1560 tum?
360 1497 414 1559 aut
435 1513 530 1578 genus
553 1495 653 1560 ullum
676 1495 723 1560 est
743 1495 848 1578 probri
869 1495 935 1560 tam
956 1494 1109 1560 communi
1125 1496 1355 1562 existimatione
1435 1539 1436 1590 p

236 1597 410 1662 damnabile
431 1598 512 1681 quod
532 1597 566 1661 in
588 1616 638 1662 eos
660 1596 795 1662 conferre
817 1597 989 1662 metueritis
1011 1598 1062 1663 uel
1082 1599 1214 1664 nominis
1237 1601 1384 1664 saltemus
1435 1597 1436 1688 i

236 1701 417 1765 auctoritate
440 1700 579 1765 tardati?
602 1700 670 1782 quie
693 1700 807 1764 oaduea
822 1700 853 1765 et
867 1700 1012 1766 mortalia
1028 1719 1152 1784 oorpora
1166 1703 1238 1767 deos
1255 1700 1355 1767 edidit
1435 1695 1436 1742 l

127 1802 131 1812 '
236 1806 375 1868 amasse?
398 1821 457 1868 non
479 1807 556 1868 uos?
578 1803 647 1885 quie
668 1803 725 1868 illa
747 1803 830 1868 furta
852 1803 1031 1870 dulcissima
1052 1806 1087 1868 in
1111 1805 1221 1871 alienis
1244 1807 1353 1888 genia·
1435 1821 1436 1894 l

235 1906 318 1970 libus
338 1907 550 1988 perpetrasse?
577 1925 637 1971 non
659 1907 736 1970 noe?
768 1906 837 1987 quis
859 1923 930 1970 oum
952 1906 1106 1973 matribus
1127 1909 1258 1986 liberos,
1284 1910 1354 1991 quis
1435 1897 1436 1904 '

236 2028 306 2074 oum
329 2009 393 2073 suis
421 2010 596 2092 uirginibus
624 2027 730 2074 rursus
760 2012 862 2093 patres
884 2010 1035 2076 infaustos
1057 2011 1218 2076 miscuisse
1241 2029 1355 2077 oonou-

235 2112 342 2178 bitue‘?
371 2130 431 2178 nou
453 2116 531 2178 uos?
560 2113 629 2195 quie
658 2111 784 2178 soitulos
813 2113 955 2196 pusiones
978 2115 1071 2196 atque
1092 2115 1212 2180 adultos
1237 2133 1385 2180 uenus-1⁵

235 2215 364 2279 tissimis
385 2215 475 2280 lineis
497 2216 649 2297 adpetitae
675 2233 740 2280 esse
765 2215 903 2281 inoeste?
927 2233 985 2282 non
1012 2219 1089 2282 uos?
1111 2218 1180 2299 quis
1205 2219 1354 2298 abscisos,

236 2319 304 2400 quis
337 2319 482 2398 exoletos,
517 2320 585 2401 quis
613 2319 807 2401 uereipelles‚
839 2320 908 2401 quis
931 2320 1027 2399 iures,
1061 2321 1129 2402 quis
1156 2322 1190 2386 in
1216 2321 1355 2387 mnoulis

235 2420 372 2500 habitos,
406 2421 475 2503 quie
503 2422 536 2486 in
566 2423 698 2500 eatenis,
732 2422 800 2504 quis
830 2421 960 2503 denique
981 2423 1165 2487 fulminibus
1187 2424 1354 2507 adpetitus,

236 2525 304 2608 quis
326 2525 516 2606 numeratos,
546 2523 615 2608 quis
644 2525 743 2589 obisse
770 2519 926 2606 supremos
948 2524 1031 2603 dies,
1060 2526 1234 2607 sepulturas
1256 2528 1356 2592 etiam

235 2629 384 2694 meruisse
405 2629 562 2693 terrenas?
591 2647 652 2693 non
673 2631 751 2693 uos?
779 2645 849 2692 oum
871 2627 969 2711 igitur
990 2645 1009 2692 a
1030 2627 1118 2693 uobis
1140 2629 1189 2692 tot
1210 2630 1243 2692 et
1264 2630 1387 2695 tantane

236 2730 366 2797 conflata
396 2731 460 2796 sint
487 2731 612 2795 deorum
634 2731 666 2795 in
688 2732 889 2796 contumelias
911 2731 1057 2808 erimina,
1088 2731 1209 2796 audetis
1232 2732 1355 2797 obiooro
1433 2805 1434 2810 ἵ

235 2835 331 2898 nostri
364 2831 499 2900 nominis
531 2852 624 2899 eausa
655 2832 819 2898 numinum
851 2851 916 2897 esse
949 2834 1077 2899 offensas
1109 2836 1246 2913 mentes,
1282 2855 1356 2900 oum

236 2937 415 3002 iamdudum
438 2955 492 3002 uos
514 2937 632 3018 liqueat
658 2937 774 3001 irarum
801 2955 866 3002 esse
893 2936 1051 3002 tantarum
1072 2955 1138 3002 reos
1168 2937 1200 3002 et
1228 2937 1356 3002 diuinae

185 3038 226 3098 32
236 3039 456 3122 indignationis
482 3042 645 3105 auctores?
678 3039 730 3104 sed
753 3059 850 3119 errae,
880 3041 995 3122 inquit,
1026 3042 1058 3105 at
1078 3040 1192 3107 laberis
1214 3042 1354 3125 satisque

236 3143 267 3206 te
289 3159 354 3206 esse
375 3141 570 3224 imperitum,
599 3143 756 3208 indoctum
779 3162 815 3208 ao
836 3143 988 3209 rusticum
1014 3145 1081 3225 ipsa
1108 3161 1211 3209 rerum
1240 3145 1385 3210 hamma

235 3245 435 3310 insectatione
457 3246 659 3312 demonstras
690 3265 763 3312 nam
784 3247 865 3311 istae
886 3264 990 3312 omnes
1012 3247 1170 3326 historiae,
1193 3265 1272 3330 quae
1293 3249 1354 3314 tibi

192 3433 195 3446 ‚
235 3349 339 3430 turpes
369 3348 514 3414 uidentur
541 3350 631 3432 atque
653 3347 691 3414 ad
716 3350 819 3415 labem
841 3351 994 3432 pertinere
1015 3350 1170 3430 diuinam,
1202 3353 1354 3436 mysteria

267 3637 469 3692 3snblimitate
487 3637 557 3692 Sub:
574 3639 751 3694 sublimitates
764 3638 791 3693 P
890 3638 1065 3693 4subaisiuis
1083 3638 1138 3692 Sub
1242 3641 1354 3696 bbene-

233 3723 301 3777 liciis
320 3723 388 3778 Sub:
415 3723 551 3778 ueneficiis
569 3725 597 3778 P
694 3727 814 3780 autumat
836 3723 899 3779 Gal.-
924 3726 1065 3779 autument
1083 3727 1109 3779 P
1203 3727 1362 3797 ipropug·¹

234 3813 341 3864 natones
357 3809 424 3864 Ure.-
439 3811 664 3879 propagatoresP
764 3826 828 3864 num
846 3811 898 3865 Urs
999 3826 1054 3864 esee
1069 3815 1257 3880 propagatores
1269 3829 1355 3868 unum
1430 3865 1431 3870 ,

234 3911 264 3949 a
280 3895 323 3948 nn
339 3896 371 3950 sa
386 3911 433 3950 rae
451 3897 479 3950 P
578 3895 991 3952 11sardarisaesrradsris1³
1092 3898 1125 3951 14
1141 3897 1310 3953 aspersam
1327 3901 1356 3954 P

234 3985 333 4036 oorro‘
447 3981 480 4034 15
497 3982 556 4050 quis
574 3981 643 4037 Sub.-
665 3983 712 4052 qui
729 3983 757 4036 P
872 3981 965 4035 adulor
982 3984 1011 4037 P
1027 3997 1088 4037 corr
1201 3985 1235 4038 16
1252 3985 1354 4040 inceste

233 4066 463 4120 Hildabroadias:
480 4067 618 4121 iniusteP
633 4067 772 4121 inhoneste
787 4066 839 4122 Ure
930 4066 1059 4121 abscissos
1072 4068 1127 4122 Sub
1225 4071 1259 4124 18
1270 4071 1353 4140 adpe-
1429 4123 1430 4138 ,

234 4170 299 4223 titos
310 4184 340 4222 r.-
358 4172 471 4240 apetitos
484 4172 510 4224 P
524 4169 660 4239 appetitos
673 4169 726 4224 Sub
823 4169 856 4224 19
874 4159 995 4240 suppmos
1008 4171 1035 4224 P
1129 4171 1162 4224 21
1181 4175 1353 4228 oontumeliie

239 4255 287 4308 Get
393 4255 631 4326 saliquatenus:
655 4255 802 4325 queadP
909 4257 943 4311 25
958 4257 1052 4311 harum
1070 4255 1171 4312 addidi
1268 4259 1307 4319 26
1325 4263 1352 4314 in

235 4342 377 4396 sectatione
395 4342 450 4396 Sub
568 4342 732 4396 demonstras
751 4343 819 4397 Sabe
843 4342 1026 4399 demonstrans
1044 4344 1070 4396 P
1193 4344 1309 4400 histriae
1327 4347 1354 4400 P

233 4443 294 4481 corr
395 4426 429 4481 27
446 4428 564 4481 misteria
582 4428 609 4481 P
625 4444 720 4483 eorrr
