2888 5008
232 459 295 526 248
538 457 677 514 Arnobii
699 457 862 514 aduersus
885 456 1039 514 nationes

233 632 329 715 quid?
351 632 378 698 si
399 629 544 698 similiter
571 631 677 696 dicent
699 628 847 715 suigilnre
873 648 940 696 sese
962 631 1055 714 atque
1076 629 1221 709 dormire,
1245 629 1358 696 deam·

233 734 339 800 bulnre
361 733 536 816 subsistere,
558 734 746 800 conscribere
767 733 886 818 aliquid
907 734 939 800 et
960 735 1111 812 lectitare,
1144 735 1180 799 nt
1201 735 1358 799 honorem
1426 799 1427 820 ἒ

235 837 282 903 dis
303 837 436 904 habeant
457 839 488 902 et
511 837 717 922 dignitatibus
740 855 790 903 eos
813 836 930 903 facient
951 838 1138 920 ampliores?
1168 837 1246 921 quid
1269 837 1358 902 enim

234 957 338 1006 cruore
360 939 397 1005 de
418 957 573 1023 pecorum,
596 939 671 1023 quid
692 957 849 1006 sacrorum
872 939 1060 1006 coniectione
1074 940 1112 1005 de
1127 941 1228 1006 cetera
1243 958 1358 1022 super·
1426 961 1427 1014 s

233 1042 357 1109 additur
371 1043 420 1108 his
435 1043 489 1124 rei,
505 1042 579 1126 qnid
594 1042 757 1126 adponitur
771 1044 864 1127 atque
879 1041 1012 1110 adicitur
1027 1043 1211 1126 potestatis?
1233 1043 1359 1108 etenim
1377 1067 1387 1104 r

233 1147 326 1213 honos
348 1145 448 1212 omnis
470 1146 523 1228 qui
545 1145 650 1213 heberi
671 1146 828 1229 abaliquo
844 1145 957 1213 dicitnr
973 1146 1004 1212 et
1018 1145 1207 1212 reuerentiae
1222 1145 1359 1227 potioris

233 1249 367 1316 adtribui
388 1249 513 1316 relatiui
536 1252 583 1316 est
605 1249 636 1314 et
657 1249 695 1315 ad
717 1250 849 1316 alterum
867 1249 987 1336 generis
1003 1251 1034 1315 et
1052 1249 1192 1314 constans
1207 1248 1358 1330 pertibus

234 1352 366 1432 duabus,
395 1370 431 1417 ex
458 1351 648 1418 concessione
675 1352 842 1418 tribuentis
867 1353 900 1419 et
921 1351 1161 1436 amplificatione
1188 1353 1359 1416 sumentis.

234 1454 322 1520 ut·si
350 1455 503 1537 quispiam
535 1454 603 1522 uiso
635 1455 843 1540 potentissimi
876 1456 1007 1522 nominis
1034 1459 1128 1538 atque
1155 1455 1360 1520 auctoritatis

236 1557 302 1622 uiro
324 1557 377 1622 uia
397 1557 534 1638 decedat,
556 1558 712 1642 adsurgat,
736 1558 829 1640 caput
850 1560 967 1624 reuelet
989 1558 1192 1640 uehiculoque
1215 1557 1388 1636 desiliatn

234 1661 303 1724 tum
335 1659 444 1726 deinde
476 1661 593 1728 salutet
624 1661 766 1736 adclinis,
800 1661 984 1728 ancillatum
1017 1659 1134 1726 seruoli
1166 1660 1362 1742 peuibnndis

149 1774 226 1828 corr
237 1761 492 1844 trepidationibus
516 1762 523 1848 Ι
547 1763 704 1840 imitatus3
738 1763 843 1846 uideo,
875 1763 950 1846 quid
976 1764 1087 1849 egetur
1113 1763 1147 1828 in
1174 1762 1362 1830 huiusmodi

235 1865 442 1932 honorationis
456 1865 571 1933 officio:
594 1867 810 1933 summissione
824 1867 952 1934 alterius
967 1865 1059 1933 datur
1074 1866 1164 1933 alteri
1179 1867 1361 1950 plurimum
1427 1879 1428 1930 l

237 1968 427 2051 efficiturque
454 1971 489 2035 ut
515 1969 657 2036 uideatur
684 1989 816 2056 magnus
842 1989 934 2054 quem
962 1969 1114 2054 suspectio
1141 1970 1269 2036 minoris
1308 1989 1361 2036 ex·
1427 2017 1428 2054 p

191 2069 347 2139 litulerit
375 2073 405 2136 et
434 2072 498 2138 suis
525 2073 732 2156 anteposuerit
758 2074 858 2140 rebus.
892 2075 946 2141 sed
973 2073 1128 2140 concessio
1156 2073 1232 2140 baec
1253 2073 1389 2138 omnies

237 2178 268 2240 et
288 2175 411 2242 bononis
434 2173 471 2240 de
493 2193 554 2258 qna
574 2175 730 2258 loquimur
745 2177 908 2244 attributio
930 2177 1003 2244 solis
1018 2177 1112 2244 babet
1126 2175 1160 2241 in
1175 2175 1362 2242 bominibus

237 2280 354 2363 eedem,
382 2296 457 2361 quos
479 2278 630 2344 naturalis
660 2280 824 2347 infirmitas
847 2281 878 2346 et
899 2299 985 2347 amor
1005 2281 1040 2346 in
1061 2279 1224 2346 altioribus
1247 2280 1363 2344 standi

237 2381 324 2446 docet
345 2382 477 2466 gaudere
498 2381 536 2446 de
558 2379 693 2466 fastigiis
716 2385 747 2448 et
761 2383 892 2450 aliorum
907 2383 1185 2467 comparationibus
1200 2382 1365 2466 anteponi.

238 2485 281 2564 at,
304 2502 423 2567 quaero,
445 2484 479 2549 in
500 2484 617 2566 superis
637 2483 692 2549 ubi
707 2487 754 2550 eat
774 2486 897 2554 honoris
919 2486 1015 2566 locus,
1038 2485 1090 2552 uel
1112 2504 1187 2569 quas
1208 2487 1254 2551 eis
1280 2486 1364 2550 emi-

239 2587 359 2654 nentias
386 2587 493 2654 addier
519 2604 674 2652 sacrorum
697 2605 732 2652 er
754 2589 992 2658 confectionibus
1024 2589 1205 2654 inuenitur?
1239 2607 1393 2674 augus-a

238 2691 339 2770 tiores,
360 2690 548 2772 potentiores
570 2689 714 2756 mactatis
734 2692 900 2771 pecudibus
915 2692 1003 2772 liunt,
1027 2692 1153 2758 additur
1167 2691 1232 2757 illis
1249 2711 1290 2756 ex
1307 2691 1368 2757 boc

239 2795 416 2878 quicquam,
446 2794 501 2858 aut
527 2809 593 2858 esse
620 2791 665 2857 dii
694 2793 794 2878 magis
817 2794 982 2862 diuinitate
1004 2796 1161 2879 occipiunt
1182 2795 1367 2876 ampliata?

238 2898 324 2981 atqui
345 2914 400 2980 ego
422 2896 625 2962 contumeliae
647 2895 831 2976 proximum,
855 2896 1025 2978 quinimmo
1048 2916 1114 2964 esse
1135 2899 1262 2980 plenam
1289 2916 1367 2963 con-

238 2998 399 3064 tumeliam
431 2999 547 3081 iudico,
581 3017 652 3062 cum
685 2998 827 3064 honorari
855 3000 894 3064 ab
920 2999 1043 3066 bomine
1075 3000 1150 3067 dens
1183 2999 1305 3065 dicitnr
1335 3002 1367 3067 et

238 3100 373 3166 muneris
406 3100 538 3166 alicuius
571 3100 724 3167 oblatione
757 3101 895 3167 mactari.
932 3102 1046 3167 etenim
1078 3103 1105 3168 si
1133 3103 1228 3169 honos
1261 3106 1394 3188 augete
1428 3087 1429 3170 i

239 3202 363 3285 eiusque
391 3202 569 3268 adcumulet
596 3202 784 3287 dignitatem
811 3203 978 3270 enituerit
1001 3205 1187 3283 attributae,
1213 3207 1366 3288 sequitur

240 3307 276 3369 ut
297 3304 416 3370 auctior
437 3305 512 3372 deus
533 3304 590 3369 fiat
611 3304 650 3370 ab
672 3306 807 3384 bomine,
830 3323 922 3388 aquo
937 3307 1032 3372 fuerit
1047 3327 1171 3373 munere
1187 3310 1218 3373 et
1233 3309 1366 3374 honoris

274 3614 288 3666 1
307 3612 434 3682 euigilare
453 3627 508 3667 sese
526 3610 596 3668 oae:
624 3612 766 3681 euigilares
784 3598 813 3666 ee
829 3613 857 3666 P
958 3613 975 3668 3
992 3614 1045 3668 diis
1063 3629 1097 3668 ere
1125 3613 1166 3668 dis
1185 3629 1246 3668 corr
1264 3615 1296 3669 P

239 3697 396 3768 dignatibus
414 3699 441 3752 P
457 3713 519 3752 corr
619 3700 634 3752 'l
653 3701 694 3752 est
710 3701 738 3752 et
755 3699 863 3768 scripsi.-
880 3701 922 3752 est
933 3700 960 3754 P
1062 3701 1094 3753 11
1107 3699 1215 3754 acolinis
1235 3699 1295 3754 Sub

239 3783 396 3839 ancillatum
409 3784 643 3839 Hemeterlrueioe:
665 3785 836 3840 aneillatrum
853 3787 879 3852 (t
897 3786 968 3854 eras)
986 3785 1014 3840 P
1030 3785 1186 3840 ancillarum
1204 3786 1260 3840 Sub
1281 3787 1368 3842 aneil-

240 3870 341 3924 latrum
366 3870 442 3925 Soim
578 3869 745 3938 pauibnndas
768 3869 959 3940 trepidationes
989 3871 1044 3925 Sub
1180 3872 1214 3925 13
1239 3873 1368 3926 summis-

239 3956 308 4011 sioni
325 3957 353 4011 P
369 3972 430 4012 corr
567 3956 601 4010 14
623 3959 752 4026 suspectio
776 3956 842 4010 Ure:
871 3956 1001 4025 suceptio
1020 3957 1047 4010 P
1185 3958 1216 4011 17
1241 3957 1321 4012 euni
1344 3961 1371 4010 P

241 4048 335 4099 corre*
429 4044 463 4098 18
472 4042 591 4113 fastigiis
603 4044 713 4112 scopam
731 4042 884 4098 fastibusP
973 4041 1163 4098 19achce·r
1253 4046 1367 4112 quaero]

240 4143 300 4183 uero
323 4129 375 4184 Ure
510 4129 544 4183 20
566 4129 657 4183 addier
677 4128 907 4183 Heidebranetiue:
929 4126 1024 4191 addere
1042 4129 1070 4182 P
1090 4129 1211 4183 ademere
1240 4128 1308 4184 Urs:

240 4213 616 4270 confectionibusMeoreiue:
634 4212 843 4269 coniectionibns
855 4215 882 4268 P
898 4213 1085 4268 collationibus
1098 4213 1154 4270 Sub
1241 4215 1275 4268 22
1297 4216 1369 4270 ocei-

240 4301 319 4370 pinnt
336 4299 571 4355 Hildebrocdr'os:
589 4301 742 4369 concipiunt
753 4300 781 4352 P
797 4299 930 4369 incipiunt
946 4300 1000 4355 aaz
1101 4300 1135 4354 23
1153 4293 1234 4369 adqui
1253 4300 1284 4368 (1
1303 4319 1371 4358 corr

241 4387 308 4453 int)
322 4386 348 4439 P
364 4386 484 4454 atquinr
586 4387 620 4440 24
637 4385 735 4439 iudicio
754 4386 851 4440 Peorr
951 4386 986 4442 25
1003 4385 1150 4442 obiectione
1163 4387 1297 4442 Peorrr
