2888 5008
268 473 331 540 258
568 471 708 525 Arnobii
731 470 891 526 aduersus
914 469 1072 525 nationes

268 645 397 710 condius
412 643 550 722 dicimus,
567 643 775 728 euolgaribus
789 645 892 709 autem
907 643 1044 710 adsolent
1055 644 1235 728 cognomine
1247 647 1377 712 testim

267 747 443 831 nuncupari.
466 747 539 828 quid
554 745 657 824 fitilla,
679 745 753 829 quid
767 746 898 824 immam
921 746 995 828 quid
1013 745 1130 826 africia,
1153 746 1229 830 quid
1251 749 1377 832 gratilla

266 852 439 916 catumeum
465 853 485 931 †
511 848 712 932 cumspolium
734 850 866 916 cubula?
888 867 922 914 ex
944 849 1055 933 quibus
1074 849 1142 930 duo,
1165 869 1244 934 quac
1267 853 1377 934 prima,

265 955 336 1020 sunt
364 953 500 1036 pultium
526 953 651 1018 nomina
680 954 732 1018 sed
753 971 862 1038 genere
884 955 915 1020 ot
937 953 1087 1036 qualitate
1116 953 1255 1033 fflnerm,
1287 956 1378 1021 series

265 1075 335 1124 nero
364 1075 441 1139 quae
469 1054 607 1138 sequitur
636 1054 770 1122 liborum
800 1055 1021 1142 significantiae
1049 1058 1201 1136 continet;
1240 1059 1276 1122 et
1305 1058 1402 1142 ipsias

264 1160 345 1226 enim
376 1177 436 1224 non
463 1161 511 1225 est
537 1178 599 1224 una
625 1158 790 1242 cademque
810 1159 962 1226 formatio.
996 1177 1056 1226 non
1079 1160 1162 1226 enim
1181 1162 1292 1244 placet
1313 1180 1378 1227 car·

262 1284 333 1329 nem
355 1262 522 1328 strebulam
544 1262 715 1340 nominare,
749 1280 825 1346 quae
849 1263 1006 1329 taurorum
1028 1281 1063 1327 er
1085 1263 1305 1329 urendioibus
1328 1264 1377 1328 ds-

262 1367 373 1444 mitur,
401 1366 601 1450 pulpamenta
622 1384 681 1431 non
703 1383 784 1446 assa,
814 1385 873 1432 non
895 1385 971 1448 qnae
992 1367 1025 1432 in
1045 1367 1170 1432 ueritus
1193 1370 1267 1432 sxta
1297 1370 1376 1444 sunt,

262 1469 398 1534 animata
417 1469 523 1552 prunis
545 1471 575 1533 et
588 1467 750 1534 torrefacta
764 1468 954 1553 carbonibus,
977 1487 1037 1535 non
1052 1470 1219 1537 salsamina
1233 1471 1377 1553 deniqne,

262 1590 338 1654 quac
360 1571 432 1636 sunt
452 1590 512 1637 una
533 1572 708 1637 commixtio
730 1572 887 1654 quadrinis
911 1571 1052 1655 copulata
1073 1572 1111 1638 de
1132 1573 1299 1656 fragitum
1323 1591 1402 1638 noua

262 1673 407 1740 similiter
427 1672 570 1753 fendicas,
594 1693 670 1758 quac
692 1676 723 1740 et
745 1677 828 1758 ipsae
849 1675 922 1740 sunt
944 1676 1036 1755 hirae,
1059 1693 1135 1758 quas
1153 1676 1258 1758 plebis
1283 1678 1378 1742 oratio

261 1777 331 1842 illas
354 1776 432 1842 solet
454 1795 523 1843 oum
545 1777 697 1859 eloquitur
717 1796 899 1861 nuncupare,
921 1797 981 1845 non
1002 1779 1117 1844 ratione
1138 1779 1248 1845 eadem
1263 1782 1308 1844 -et
1331 1800 1377 1844 ru-

262 1900 342 1959 mas,
375 1897 451 1963 quae
478 1882 550 1944 sunt
574 1879 674 1962 prima
700 1879 733 1944 in
754 1880 991 1964 gurgulionibus
1013 1881 1129 1965 capita,
1163 1900 1225 1963 qua
1259 1882 1378 1948 doiccre

177 1984 345 2053 srescibos
367 1987 397 2050 et
419 1981 527 2048 referre
549 1984 659 2047 natura
679 1985 727 2048 est
748 1981 987 2048 ruminatoribus
1005 1982 1010 2068 l
1028 1983 1172 2060 saeculis;
1201 2001 1268 2050 uon
1292 2005 1378 2070 mag-

261 2088 380 2165 menta,
402 2103 461 2151 non
483 2085 642 2169 augmina,
672 2103 731 2150 non
753 2086 839 2150 milla
861 2086 973 2168 species
995 2086 1045 2152 uel
1060 2088 1080 2166 †
1096 2090 1402 2172 amonsanguinnms

260 2189 310 2255 uel
331 2188 506 2268 fitillarum,
535 2187 646 2270 quibus
673 2187 796 2253 nomina
822 2187 978 2255 indidistis
1008 2189 1136 2254 obscura
1159 2189 1324 2273 uulgoque
1345 2197 1378 2255 ut

211 2293 360 2357 ztossent
381 2291 557 2375 augustiora
579 2289 707 2356 fecistis.
740 2290 767 2356 si
788 2289 871 2356 enim
899 2309 1104 2373 quaecumque
1130 2290 1169 2356 ab
1191 2291 1377 2358 hominibus

258 2396 337 2462 fiunt
363 2395 553 2476 maximeque
580 2395 614 2458 in
635 2411 667 2458 re
694 2412 780 2460 sacra
806 2393 917 2460 debent
944 2394 1053 2460 habere
1081 2412 1151 2458 suae
1179 2411 1296 2460 causas
1324 2414 1377 2460 noc

259 2498 324 2564 sino
345 2497 462 2565 ratione
484 2500 530 2562 cst
557 2497 719 2580 corioquam
740 2496 774 2562 in
795 2496 926 2581 negotiis
951 2497 1092 2562 omnibus
1114 2497 1207 2578 atque
1228 2497 1268 2563 in
1291 2501 1376 2564 omni

259 2600 522 2669 administratione
549 2600 738 2666 faciendum:
772 2599 948 2666 edissertate
976 2601 1064 2666 nobis
1091 2601 1122 2664 st
1149 2600 1263 2680 dicite,
1299 2620 1401 2684 quaes

258 2706 298 2772 sit
320 2723 420 2782 causa,
443 2723 518 2787 quaa
539 2705 628 2783 ratio,
650 2706 686 2769 ut
708 2704 782 2768 haec
804 2704 897 2770 etiam
920 2703 979 2768 diis
1000 2702 1110 2769 dentur
1124 2703 1285 2786 sacrisque
1301 2705 1375 2770 ado-

257 2809 377 2873 leantur
404 2807 563 2873 altaribus.
602 2808 634 2872 in
662 2807 718 2872 hoc
744 2806 826 2870 anim
855 2805 970 2872 diutius
997 2808 1062 2872 looo
1092 2805 1165 2870 huic
1187 2823 1302 2871 causae
1325 2806 1374 2870 uel

257 2910 389 2975 maxime
410 2910 575 2976 necessario
587 2909 775 2974 inmoramur
789 2909 962 2974 insistimus
978 2909 1179 2987 inhaeremus,
1207 2909 1373 2990 cupientes

258 3013 426 3093 addiscere,
455 3013 528 3094 quid
556 3031 626 3077 cum
647 3012 787 3096 pultibus
809 3014 863 3078 deo
885 3012 942 3091 sit,
977 3012 1051 3094 quid
1077 3031 1148 3077 cnm
1170 3010 1264 3091 libis,
1298 3011 1374 3094 quid

258 3114 386 3181 diuersis
414 3133 482 3180 cum
510 3114 656 3196 fartibus,
690 3115 835 3181 confectis
861 3115 928 3180 iure
949 3134 985 3180 ex
1005 3115 1176 3197 multiplici
1204 3116 1303 3198 atque
1325 3117 1399 3180 ine

256 3235 417 3301 pensarum
439 3218 585 3284 uarietate
608 3217 748 3282 conditis.
776 3218 909 3302 opiparis
931 3219 1059 3284 numina
1079 3218 1160 3283 cenis
1181 3217 1374 3282 adficiuntur

256 3323 310 3386 aut
340 3319 489 3404 prandiis,
521 3322 558 3385 ut
583 3321 757 3386 innumeras
791 3320 952 3386 conueniat
979 3321 1149 3403 excogitare
1178 3320 1229 3386 his
1253 3322 1374 3404 dapes?

289 3541 418 3598 afritilla
435 3543 587 3598 Sabtacrr
666 3541 860 3611 doonspolium
878 3542 932 3597 Sat
950 3541 1097 3610 spolium?
1172 3541 1194 3595 '6
1212 3541 1289 3595 anim
1307 3548 1374 3597 assos

255 3628 341 3698 placet
359 3629 401 3684 dcl
423 3629 475 3684 Ura
576 3628 591 3681 l
609 3644 623 3682 c
641 3627 821 3682 coxendicibus
840 3629 908 3683 dab:
934 3629 961 3681 et
978 3626 1129 3682 caudicibus
1148 3627 1176 3680 P
1281 3629 1300 3682 8
1317 3643 1373 3681 non

255 3721 319 3770 octe
335 3729 401 3784 quas
418 3715 626 3770 addMaarstcs
702 3714 726 3768 ’9
742 3714 834 3782 prunis
850 3714 961 3781 scipsa:
976 3713 1050 3782 prius
1063 3713 1091 3767 P
1173 3712 1208 3767 10
1225 3727 1297 3780 quae
1314 3713 1372 3768 add

257 3800 305 3854 Get
422 3802 454 3854 11
470 3799 544 3854 hirae
561 3801 595 3854 P.
614 3799 781 3856 damascius:
804 3799 875 3852 dirae
892 3800 920 3853 P
1030 3800 1062 3852 12
1079 3798 1141 3852 illas
1159 3798 1301 3866 Scaliger:
1323 3799 1372 3851 illa

254 3887 282 3940 P
298 3887 346 3942 ilia
362 3886 397 3940 P.
416 3885 569 3942 Sardeates
585 3885 665 3938 hillae
683 3885 843 3940 Sleooccta'as
943 3887 1075 3938 strumas
1093 3883 1244 3938 Betucius:
1264 3899 1371 3937 aarum·

253 3989 300 4028 nas
318 3973 348 4027 P
361 3971 686 4038 transsolsissae
788 3968 1057 4038 squaloreque
1072 3967 1099 4021 P
1200 3967 1235 4020 14
1252 3970 1371 4022 naturae

253 4058 482 4113 struminatoribus
501 4057 555 4111 Sat
679 4056 712 4110 15
729 4054 848 4108 uelamen
865 4053 1025 4123 sanguinum
1044 4052 1099 4108 aaa
1128 4052 1172 4106 uel
1190 4050 1369 4108 farciminum

254 4142 329 4197 Salon
435 4144 467 4198 16
484 4142 626 4196 littilarum
643 4141 669 4195 P
695 4140 850 4194 fritillamm
868 4139 922 4194 Sat
939 4140 970 4194 sta
987 4154 1031 4193 cro
1137 4137 1172 4194 20
1188 4137 1370 4194 aediaaertats

247 4227 279 4286 ¹P
296 4243 388 4282 corre
472 4229 505 4282 22
522 4227 583 4282 huic
601 4227 670 4283 Sao.-
687 4225 739 4278 huc
756 4225 783 4278 P
866 4224 899 4278 25
916 4223 1030 4278 lantibus
1047 4224 1114 4280 Urs.-
1132 4223 1248 4278 fratibus
1269 4225 1300 4278 P

253 4313 376 4367 confectis
393 4315 504 4382 scripsi:
532 4313 704 4367 confectionis
721 4313 749 4366 P
870 4327 900 4364 ex
921 4311 1061 4366 Oclsleras:
1089 4313 1115 4364 et
1133 4311 1160 4364 P
1177 4309 1222 4364 dal
1241 4309 1299 4364 Gal

252 4398 286 4452 26
304 4397 419 4465 opiparas
430 4398 458 4451 P
468 4413 529 4452 cors
541 4402 562 4451 c‘
662 4397 696 4450 27
713 4399 863 4452 innumeras
874 4396 944 4451 Sat.-
961 4412 1081 4451 numeras
1094 4396 1121 4451 P
