2916 5010
236 395 297 460 104
533 395 676 450 Arnobii
699 397 859 452 aduersus
882 398 1041 452 nationes

236 565 364 631 cendum
386 567 680 648 condiscendumque
707 567 847 650 curabat,
881 585 920 632 au
950 566 1119 632 fulminum
1148 567 1270 632 casibus
1295 567 1351 631 ant

237 670 375 734 extorum
396 668 514 752 aliquid
534 668 760 753 significaretur
780 669 813 734 in
828 669 935 734 uenis?
957 670 1078 752 qnando
1094 669 1230 735 siderum
1245 671 1351 734 motus

236 774 292 837 ant
313 772 391 838 ratio
413 775 517 856 coepta
539 779 585 838 est
608 772 802 858 genethliaca
827 771 921 837 sciui?
948 790 1008 836 non
1034 774 1106 856 post
1128 771 1264 836 Theutin
1287 773 1352 836 Ae-

237 876 379 958 gyptium
408 877 463 942 aut
489 877 559 961 post
581 874 755 954 Atlantem,
786 878 822 942 nt
850 875 975 957 quidam
997 875 1118 953 serunt,
1151 877 1352 959 gestatorem,

168 978 392 1060 coronulam,
420 978 591 1065 tibilcinem
618 980 710 1045 illum
736 997 772 1046 uo
799 979 951 1045 destinam
978 979 1078 1044 caeli?
1110 978 1163 1044 sed
1191 978 1266 1060 quid
1296 995 1386 1061 egos

189 1059 313 1148 ⁷⁰haec
333 1087 449 1165 parua?
481 1082 542 1165 ipsi
563 1083 607 1148 dii
628 1080 832 1161 immortales,
856 1099 985 1163 quorum
1005 1083 1095 1148 modo
1117 1080 1211 1146 aditis
1233 1081 1356 1162 templa

240 1187 271 1250 et
292 1181 420 1250 numina
435 1185 613 1268 suppliciter
627 1186 772 1264 ederetis,
796 1185 876 1250 sicut
891 1185 1002 1250 uestris
1017 1184 1131 1250 litteris
1145 1188 1237 1266 atque
1252 1183 1356 1266 opini-

241 1289 349 1353 onibus
370 1288 517 1367 traditur,
546 1307 606 1353 nou
627 1306 712 1367 esse,
741 1305 802 1352 uon
825 1288 897 1353 sciri
920 1289 957 1354 ab
980 1287 1169 1372 temporibus
1191 1287 1358 1369 coeperunt

242 1391 333 1457 certis
356 1393 386 1456 et
407 1391 560 1474 impositis
583 1391 743 1456 nominum
773 1390 1030 1474 appellationibus
1058 1390 1249 1473 nuncupari?
1282 1408 1360 1453 nam

243 1494 270 1558 si
297 1512 406 1558 nerum
433 1494 479 1558 est
506 1491 542 1557 ex'
562 1492 692 1558 Saturno
721 1494 814 1575 atque
842 1494 907 1558 eius
935 1512 1032 1559 uxore
1058 1493 1163 1557 Ionem
1193 1492 1258 1557 suis
1286 1512 1392 1560 cumae

243 1596 389 1662 fratribus
420 1599 627 1678 procreatum,
661 1598 732 1660 ante
759 1597 887 1678 nuptias
916 1598 947 1661 et
974 1597 1079 1678 partus
1101 1593 1176 1678 Opis
1204 1614 1361 1676 nusquam

142 1695 148 1707 '
243 1699 342 1764 luerat
357 1700 503 1782 luppiter,
523 1700 663 1782 Iuppiter
676 1699 743 1764 tam
758 1717 916 1784 supremus
936 1717 1029 1780 quam
1044 1698 1181 1782 Stygius,
1204 1717 1362 1780 nusquam

245 1802 303 1867 sali
325 1802 481 1884 dominum,
503 1820 653 1886 nusquam
675 1801 765 1880 Iuno,
788 1801 957 1885 quinimmo
980 1802 1060 1866 alius
1082 1801 1187 1867 nullus
1208 1801 1363 1885 genitori-

245 1905 303 1970 bus
325 1904 442 1971 duobus
464 1904 596 1986 exceptis
618 1904 695 1970 caeli
716 1905 880 1971 habitabat
900 1905 934 1969 in
957 1903 1095 1982 sedibus,
1122 1905 1176 1970 sed
1197 1922 1233 1968 ex
1254 1922 1364 1969 eorum

247 2008 412 2073 concubitu
439 2008 575 2090 concepti
602 2011 632 2074 et
653 2007 719 2073 uati
746 2009 872 2074 suntet
895 2009 1038 2090 spiritum
1065 2009 1193 2073 hausere
1220 2007 1397 2073 uitalem.rs

248 2115 330 2176 certo
352 2129 423 2196 ergo
444 2116 613 2194 atempore
635 2113 709 2178 dous
731 2130 796 2178 esse
810 2111 949 2196 Iuppiter
971 2111 1080 2193 coepit,
1102 2111 1184 2176 certo
1207 2111 1309 2174 cultus
1334 2112 1367 2175 et
1442 2149 1444 2206 q

249 2213 396 2280 scudicia
423 2215 615 2292 commereri,
643 2217 724 2280 certo
747 2214 896 2280 fratribus
918 2215 964 2279 in·
977 2214 1185 2297 potestatibus
1207 2214 1366 2295 anteponi.
1444 2213 1445 2264 l

249 2335 353 2382 rursus
386 2335 457 2382 uero
489 2318 516 2381 si
547 2317 638 2382 Liber
670 2318 773 2384 Venus
805 2317 904 2384 Diana
935 2318 1104 2384 Mercurius
1137 2317 1249 2398 Apollo
1284 2319 1368 2382 Her·

251 2421 334 2486 cules
357 2421 477 2500 Musae,
500 2419 693 2503 Tyndaridae
714 2419 852 2486 Castores
873 2420 1104 2503 ignipotensque
1119 2418 1275 2485 Vulcanus
1292 2421 1369 2486 Ioue

251 2524 337 2606 patre
364 2525 437 2588 sunt
465 2521 579 2605 proditi
601 2525 631 2588 01
652 2522 788 2606 genitore
811 2523 954 2590 Setumio
975 2523 1143 2605 procreati,
1172 2525 1243 2589 ante
1271 2543 1403 2606 quamn

252 2625 415 2704 Memoria,
452 2643 546 2706 quam
578 2625 726 2695 Alcmena
760 2627 844 2692 Maia
878 2627 955 2691 Iuno
992 2627 1109 2691 Latona
1140 2627 1222 2692 Leda
1256 2627 1372 2706 Dione,

254 2749 347 2813 quam
374 2731 405 2793 11
427 2727 547 2794 Semela
568 2729 717 2812 Diespitri
744 2729 843 2796 sactae
874 2735 946 2796 sunt
973 2732 1247 2816 compressionibus
1275 2731 1371 2810 fetae,

254 2847 405 2914 nusquam
428 2834 459 2896 et
479 2831 513 2895 hi
534 2832 673 2915 gentium
695 2852 750 2898 nec
771 2835 802 2898 iu
824 2834 927 2917 aliqua
947 2837 1034 2917 parte
1049 2855 1152 2901 rerum
1173 2834 1257 2900 suere
1278 2837 1373 2899 natu·

238 2953 316 3022 ¹rae,
339 2935 392 3028 sed
414 2953 449 2999 ex
471 2938 621 3001 conuentu
642 2937 725 3001 Iouis
747 2936 925 3002 inseminati
947 2939 978 3002 11
999 2939 1065 3003 nati
1086 2940 1158 3003 sunt
1180 2940 1211 3002 et
1233 2937 1375 3020 aliquem

257 3055 379 3102 sensum
400 3038 449 3102 sui
470 3038 578 3105 habere
600 3043 771 3122 coeperunt.
805 3042 928 3126 ergoet
949 3041 982 3105 hi
1005 3059 1123 3124 quoque
1145 3044 1282 3123 tempore
1304 3060 1408 3108 esseae

257 3146 420 3222 coeperunt
441 3143 521 3206 certo
544 3144 575 3207 et
595 3143 628 3206 iu
648 3161 773 3208 numero
800 3145 962 3208 numinum
984 3162 1139 3209 sacrorum
1162 3144 1201 3208 ad
1222 3143 1376 3209 caerimo-

258 3242 326 3308 nias
347 3241 496 3324 inuocem,
526 3246 607 3326 quod
636 3245 738 3327 ipsum
760 3245 906 3312 similiter
927 3246 1025 3312 dicere
1046 3246 1230 3314 translatum
1254 3246 1287 3310 in
1305 3246 1375 3326 hli-

295 3556 310 3606 1
334 3567 367 3606 an
392 3551 480 3606 Salon:
507 3549 536 3603 in
558 3549 586 3602 P
733 3549 750 3602 2
773 3550 839 3618 quid
863 3550 917 3604 San
946 3551 1011 3632 mqli
1033 3550 1097 3620 quid
1120 3551 1307 3619 Hoffmuuuus

161 3703 163 3708 ¹
260 3640 278 3694 3
295 3636 462 3708 genethliaca
478 3635 547 3692 Sub:
569 3635 707 3704 genetiaca
724 3635 752 3690 P
885 3636 999 3691 Thcutin
1018 3637 1083 3692 Gal.-
1105 3637 1198 3692 heutin
1215 3639 1243 3692 P
1263 3639 1380 3693 bentina

263 3726 319 3780 Sub
336 3723 475 3778 Teutatem
485 3722 518 3775 a'os
529 3737 574 3775 err
590 3720 749 3776 Theutatem
763 3721 817 3776 Urs
914 3723 1118 3791 lgestatorem,
1135 3722 1254 3778 baiulum
1266 3726 1380 3779 occlusit

263 3810 377 3865 Ziakics
474 3809 505 3862 11
523 3807 578 3875 cpi·
591 3807 619 3861 P
715 3806 1222 3876 121uppiceraztenoasecrucorsses
1314 3827 1380 3880 sup·

263 3912 367 3966 promus
379 3894 407 3948 P
508 3892 541 3946 18
557 3891 671 3945 herculis
688 3893 716 3946 P
727 3907 788 3946 corr
891 3893 925 3948 20
941 3895 1061 3961 genitore
1080 3895 1193 3948 Saturno
1211 3895 1266 3949 Sub
1283 3896 1380 3965 genito

264 3983 379 4037 Saturno
402 3979 450 4034 aa
577 3978 611 4031 21
629 3978 755 4031 Alcmena
773 3978 842 4031 Sub:
868 3978 1005 4032 alchmena
1022 3981 1050 4034 P
1179 3979 1213 4033 22
1229 3997 1310 4050 quarn
1328 3981 1381 4036 Ri-

264 4069 381 4139 qaltc'us:
407 4079 466 4120 cnm
483 4066 509 4118 P
524 4065 583 4120 tum
600 4063 655 4118 naa
784 4064 884 4118 Semele
903 4065 958 4119 Sub
1086 4064 1230 4134 diespaetri
1248 4070 1289 4134 (ae
1307 4069 1339 4121 ia
1356 4084 1382 4133 e,

265 4155 328 4212 cic
345 4154 355 4205 i
372 4155 442 4222 cerr)
460 4153 487 4204 P
602 4151 671 4204 foeta
689 4149 758 4203 Sub:
775 4148 894 4204 fatiae?
1011 4152 1044 4205 23
1061 4151 1101 4204 hii
1119 4149 1145 4203 P
1256 4155 1381 4222 gentium

266 4239 455 4308 intelliguntur
477 4238 682 4293 Ktusseeuunus
701 4236 822 4305 gentium
840 4237 1013 4292 inueniuntur
1033 4236 1171 4292 Vettones
1307 4240 1382 4293 fuere

207 4310 212 4322 ‘
268 4325 339 4380 sac:
361 4325 483 4379 fuisses
583 4321 718 4376 111111
