2916 5010
548 495 648 551 Liber
670 496 736 551 1111.
1138 502 1198 570 159

82 672 93 760 1
119 671 322 738 colubrarum.
355 669 456 752 potest
485 670 552 734 nlla
579 669 703 755 aanor
729 669 915 735 contumelia
935 668 1003 735 Ioui
1024 673 1129 738 usstm
1149 673 1284 739 intas·

29 841 32 846 .
80 776 152 862 fligi
166 773 220 841 aut
235 773 400 855 quicquam
414 773 461 838 cst
475 772 561 838 aliud
576 772 658 855 quod
671 771 839 838 labefactet
853 773 908 837 aut
923 771 1199 843 sanationum

80 879 231 962 principis
258 875 487 955 auctoritatem,
517 895 611 959 quam
637 876 718 960 quod
746 891 817 940 eum
838 877 964 942 creditis
985 878 1199 962 uoluptatibus

82 980 248 1065 aliquando
269 979 443 1046 libidinosis
458 980 578 1045 uictum
592 980 623 1044 et
636 979 670 1044 in
683 978 829 1044 femineos
844 981 1000 1062 appetitus
1014 971 1200 1051 imammau

60 1083 216 1169 spectaris
237 1083 401 1150 incaluisse
422 1082 564 1149 feruore?
597 1082 629 1147 61
650 1081 725 1165 quid
748 1083 813 1166 regi
828 1081 970 1150 Saturnio
992 1085 1199 1155 matrimoniis

83 1189 187 1255 fuerat
208 1205 279 1254 oum
300 1187 409 1252 alicnis
431 1187 498 1251 rei?
529 1203 629 1251 nonne
643 1185 694 1250 illi
708 1187 810 1252 fuerat
825 1186 901 1252 satis
916 1187 1003 1269 Iuno,
1025 1207 1080 1254 nec
1095 1190 1200 1257 sedare

83 1292 237 1374 impetum
259 1289 467 1373 cupiditatum
489 1289 521 1354 in
543 1289 648 1372 rchna
670 1290 791 1373 poterat
805 1289 978 1371 numinum,
1001 1311 1071 1358 cum
1086 1293 1200 1359 nobili·

86 1398 137 1462 tas
166 1413 233 1462 cam
267 1393 493 1462 commendaret
524 1392 628 1472 cana,
651 1392 744 1458 facies
772 1410 805 1457 cs
832 1392 969 1478 dignitas
995 1395 1027 1460 et
1058 1395 1201 1463 ulnarum

86 1497 172 1564 niuei
197 1481 419 1579 marmoreique
448 1497 613 1562 candores?
645 1515 685 1560 an
711 1513 804 1562 uxore
838 1498 999 1564 contentus
1031 1498 1114 1565 haud
1141 1519 1202 1566 una

47 1601 274 1679 adamantinis,
307 1601 459 1685 pelicibus
486 1601 578 1683 atque
606 1599 748 1666 amiculis
781 1600 953 1666 delectatus
985 1601 1204 1685 inpatientiam

87 1723 176 1770 suam
197 1704 361 1788 spargebat
380 1703 506 1787 passim,
529 1705 566 1768 ut
587 1702 747 1768 babaecali
767 1703 973 1770 adolescentes
987 1704 1096 1786 solent,
1119 1706 1204 1772 salax

87 1811 172 1889 dem,
195 1808 227 1874 et
248 1827 342 1874 canus
357 1826 393 1873 ex
408 1807 538 1873 infinitis
553 1807 728 1890 corporibus
744 1806 991 1874 flaccescentium
1007 1806 1220 1893 uoluptatum

87 1911 273 1978 restituebat
295 1911 458 1976 ardorem?
491 1911 565 1992 quid
587 1909 691 1975 dicitis
713 1928 731 1974 o
752 1909 843 1994 impii
873 1910 925 1975 uel
945 1930 1021 1994 quas
1043 1912 1081 1977 16
1102 1913 1205 1978 uestro

88 2016 162 2084 Ioue
184 2016 362 2101 opinionum
384 2013 560 2099 confingitis
583 2013 768 2079 foeditates?
797 2013 845 2079 ita
866 2033 927 2079 non
948 2014 1205 2099 animaduertitis,

52 2137 152 2184 rancn
172 2118 303 2197 uidetis,
325 2118 411 2184 cuius
434 2137 506 2184 cum
527 2117 641 2182 notetis
662 2116 788 2199 probri?
822 2117 908 2182 ouius
930 2117 1068 2184 criminis
1091 2118 1205 2184 consti-

89 2220 188 2287 tuatis
210 2222 389 2286 auctorem?
421 2220 473 2286 uel
494 2239 570 2303 quas
592 2219 626 2284 iu
648 2238 719 2285 eum
741 2218 827 2284 labes
847 2218 1052 2304 flagitiorum,
1075 2223 1206 2304 quantas

89 2324 273 2389 coaceruatis
306 2323 473 2389 infamias?
510 2323 548 2387 ad
577 2321 741 2387 libidinem
773 2321 912 2387 homines
941 2324 1029 2404 proni
1052 2325 1144 2407 atque
1166 2323 1255 2390 adas

88 2425 286 2508 uoluptatum
312 2425 480 2490 blanditias
507 2427 635 2491 naturae
666 2424 848 2490 infirmitate
876 2425 1027 2507 procliues
1055 2427 1207 2493 adulteria

88 2529 195 2594 tamen
227 2528 348 2613 legibus
380 2527 540 2594 uindicant
567 2529 599 2595 ct
628 2527 815 2611 capitalibus
843 2528 990 2594 adficiunt
1017 2547 1067 2596 ecs
1099 2532 1205 2614 poeuis

48 2649 164 2714 roquos
186 2632 220 2697 in
242 2633 342 2698 aliena
370 2631 651 2716 comprehenderint
678 2632 801 2698 foedera
827 2632 957 2717 genialis
979 2652 1011 2700 66
1030 2634 1137 2699 lectuli
1155 2653 1206 2700 ex·

87 2736 278 2820 pugnatione
300 2736 415 2802 iecisse.
449 2735 634 2801 subsessoris
655 2737 687 2801 ct
710 2735 843 2801 adulteri
865 2755 995 2820 persona
1017 2736 1103 2803 cuius
1125 2741 1206 2805 esset

88 2838 308 2922 turpitudinis,
336 2842 426 2903 notae
448 2839 550 2917 cuius,
580 2839 778 2922 regnatorum
799 2839 951 2904 maximus
975 2840 1144 2921 nesciebat,
1174 2842 1206 2907 et

89 2941 261 3024 speculator
284 2941 347 3020 illc,
370 2943 406 3006 ut
426 2941 509 3007 fama
524 2945 580 3017 cst,
602 2941 678 3007 bene
698 2941 879 3006 meritorum
894 2961 929 3006 ao
951 2943 1094 3026 pessime,
1116 2945 1206 3028 quid·

87 3063 161 3110 nam
173 3045 293 3110 deceret
303 3063 336 3110 sc
347 3045 428 3109 uelle
439 3044 608 3109 rationibus
618 3045 750 3127 pectoris
761 3062 820 3109 non
831 3045 1033 3128 perspiciebat
1048 3045 1052 3132 Ι
1068 3049 1198 3114 amissis.
1209 3055 1226 3107 f.
1237 3055 1269 3108 so

51 3169 80 3210 aa
89 3150 121 3214 et
146 3148 273 3214 16166661
300 3147 430 3213 forsitan
458 3147 684 3213 maletractatio
706 3146 780 3212 hacc
807 3149 920 3230 posset,
947 3149 974 3213 si
997 3169 1067 3215 eum
1090 3151 1199 3216 saltem

88 3251 226 3336 personis
255 3251 479 3334 coniungeretis
502 3252 700 3334 ccuparibus,
732 3252 764 3317 ct
785 3251 905 3316 adulter
928 3270 946 3317 a
967 3254 1055 3318 uobis
1076 3255 1204 3320 immor-

90 3355 204 3419 talium
242 3349 480 3420 constitueretur
512 3355 647 3420 dcarum.
685 3355 718 3419 in
750 3354 893 3421 humanis
926 3376 997 3422 uero
1034 3358 1207 3440 corporibus

91 3455 248 3538 quidnam,
272 3474 392 3539 quaeso,
421 3458 521 3523 inerat
542 3456 790 3540 pulchritudinis,
814 3456 888 3539 quid
910 3459 1034 3542 decoris,
1057 3461 1138 3541 quod
1158 3460 1206 3525 in-

92 3559 202 3639 ritare,
232 3559 313 3641 quod
341 3559 460 3626 flectere
488 3560 591 3624 oculos
612 3563 714 3641 posset
735 3558 768 3623 in
791 3576 824 3623 se
845 3560 951 3626 Iouis?
984 3562 1069 3626 cutes
1092 3561 1210 3628 uiscera

125 3817 140 3869 1
159 3817 252 3886 regina
270 3816 340 3871 Sub.-
357 3819 477 3886 reginam
494 3817 522 3871 P
637 3818 654 3871 8
673 3817 725 3870 oris
744 3817 798 3870 Sub
919 3817 935 3869 9
953 3816 1019 3870 haut
1035 3818 1062 3870 P
1079 3832 1140 3872 6666

91 3902 124 3955 11
144 3902 277 3955 babaecali
294 3902 421 3971 Raptae:
448 3902 565 3956 babecali
583 3902 611 3956 P
635 3901 757 3956 bacchari
775 3901 829 3957 Scb
955 3903 988 3957 12
1004 3904 1118 3958 infinitis
1137 3906 1207 3959 Sabe

90 3987 180 4040 1161116
198 3988 226 4040 Ρ
239 3987 355 4040 infinitis
372 3987 450 4040 initis
468 3989 609 4043 Maarsares
721 3988 884 4042 1666616116
902 3988 930 4042 P
943 4005 1003 4044 6666
1112 3991 1145 4052 18
1163 4006 1208 4044 uc·

90 4089 230 4159 luptatum
248 4088 320 4144 Scb:
343 4089 514 4143 uoluptatum
531 4091 559 4144 P
665 4079 825 4146 infirmitate
840 4094 866 4144 P
882 4107 943 4146 corr
961 4095 982 4146 c¹
1084 4092 1116 4146 19
1133 4094 1208 4161 penis

91 4178 120 4230 P
131 4192 193 4231 corr
295 4176 330 4228 22
352 4178 521 4245 regnaturum
533 4175 765 4232 Hcldcbrcsadicca:
784 4194 926 4248 regnorum
938 4179 965 4231 P
981 4193 1074 4246 regum
1085 4178 1140 4232 aas

90 4261 125 4317 23
143 4261 271 4330 quidnam
290 4261 358 4315 dab.-
382 4262 509 4331 quinnam
527 4262 555 4315 P
653 4263 689 4316 24
705 4263 810 4318 amissis
828 4264 984 4317 Meuretoa:
1007 4263 1098 4317 amissi
1114 4264 1141 4316 P

90 4347 172 4400 2561
190 4347 259 4403 Sub:
286 4348 370 4402 661Ρ
476 4363 535 4401 eum
557 4346 620 4403 Get:
645 4365 702 4403 earn
719 4350 747 4403 P
848 4350 881 4404 26
900 4349 1004 4404 adulter
1022 4364 1037 4403 a
1054 4349 1209 4406 Horatius.-

80 4433 212 4489 ,adultcra
230 4433 284 4490 Sub
386 4436 420 4489 29
437 4436 466 4488 in
484 4451 511 4488 66
528 4435 683 4491 Mercrius:
700 4436 762 4491 inde
778 4437 806 4492 P
