2916 5010
162 403 170 422 ’
246 421 307 486 134
544 415 688 472 Arnobii
711 417 872 472 aduersus
895 417 1053 471 nationes

243 609 352 658 eonsns
374 592 406 656 et
428 590 529 673 opinio
550 587 759 673 praeindioata
778 588 949 656 dilabitur?
971 607 1042 654 nem
1064 589 1091 653 si
1107 587 1215 656 ueruiu
1229 588 1288 672 est,
1311 605 1366 654 so·

242 694 305 760 lom
327 692 456 758 eundem
477 693 623 758 Liberum
646 711 712 760 esse
733 694 924 774 eundemque
945 691 1138 775 Apollinem,
1160 690 1303 775 seqnitur
1323 693 1367 756 ut

242 798 274 862 in
296 815 397 862 rerum
425 798 534 862 natura
561 814 657 878 neque
678 795 791 878 Apollo
813 795 856 860 sit
877 795 991 876 aliquis
1012 813 1111 877 nequo
1132 795 1238 873 liber,
1266 794 1367 876 atone

156 901 288 965 urobita
308 918 361 982 per
375 917 429 964 uos
455 895 460 980 1
486 899 568 980 ipsos
589 897 739 974 aboletur,
762 897 897 964 eraditur
911 895 1090 977 Semeleius,
1114 899 1256 984 Pythius,
1278 897 1368 962 alter

241 1001 410 1068 feoulentae
425 1000 593 1066 hilaritatis
607 1001 706 1078 dator,
722 998 947 1066 sminthiorum
962 999 1041 1066 alter
1056 1001 1205 1083 pernicies
1220 1019 1366 1066 murum.
1390 1030 1401 1067 s

191 1108 300 1171 iinon
328 1107 453 1172 indooti.
472 1105 554 1188 apud
581 1121 635 1188 pos
662 1103 723 1168 uiri
753 1123 851 1187 nequo
877 1104 957 1186 quod
985 1104 1138 1170 induxerit
1166 1104 1264 1171 libido
1289 1123 1367 1188 gar·

241 1209 355 1274 uentos
384 1207 516 1274 Dianam
543 1206 684 1272 Cererem
705 1207 825 1272 Lunam
851 1207 943 1289 eaput
966 1225 1031 1272 asse
1053 1207 1144 1274 unius
1166 1208 1239 1274 deae
1260 1209 1283 1288 †
1303 1207 1368 1272 tri-

240 1310 317 1378 uiali
338 1311 543 1394 germanitate
565 1310 764 1392 pronuntiant
792 1329 888 1392 nequo
915 1310 950 1374 ut
979 1311 1051 1376 sunt
1072 1311 1172 1376 trinae
1194 1309 1366 1376 dissimili-

240 1415 365 1480 tudines
388 1415 563 1492 nominum,
586 1430 784 1495 personarum
812 1413 1010 1480 dissidentiae
1033 1416 1097 1480 tres
1120 1433 1202 1482 esse:
1236 1415 1366 1478 Lunam

240 1518 288 1583 his
310 1518 451 1583 omnibus
472 1517 576 1582 uocari
597 1518 688 1599 atque
710 1516 743 1580 in
767 1516 832 1582 eins
859 1533 1005 1583 uooamen
1033 1517 1223 1600 reliquorum
1246 1517 1366 1582 seriem
1377 1541 1398 1578 o

241 1622 451 1688 ooaoeruatam
473 1639 538 1685 esse
558 1620 785 1704 cognominum.
819 1620 899 1701 qnod
922 1619 950 1684 si
972 1620 1180 1703 exploratum,
1211 1619 1239 1684 si
1261 1619 1365 1682 fixum

240 1726 287 1789 est
309 1725 401 1806 atqua
423 1723 468 1788 ita
490 1724 604 1788 siesse
626 1722 671 1788 rei
693 1721 810 1788 ueritas
832 1723 993 1802 monstrat,
1018 1740 1141 1790 oaesum
1163 1723 1281 1788 iterum
1306 1741 1364 1788 no-

240 1846 310 1892 men
332 1829 379 1891 est
400 1825 533 1904 Cereris,
557 1844 678 1892 oassum
702 1825 837 1902 Dianae,
859 1827 952 1907 atque
974 1826 1019 1892 ita
1042 1827 1219 1909 perduoitur
1241 1845 1292 1892 res
1315 1843 1364 1904 eo,

239 1931 276 1994 ut
297 1931 329 1995 et
350 1929 407 1994 illa
433 1929 574 2014 frugum,
605 1930 686 1994 siout
712 1927 896 2013 perhibetis,
926 1929 1080 1996 inusntrix
1108 1929 1198 1996 nobis
1226 1929 1364 1993 dneihus

239 2034 331 2115 atque
352 2031 527 2098 auctoribus
549 2031 635 2096 nulla
649 2030 700 2115 sit,
723 2032 755 2096 ot
770 2031 939 2114 expolietur
954 2032 1066 2114 Apollo
1081 2051 1240 2117 germana,
1263 2051 1393 2114 quamn

240 2136 392 2218 qnondam
413 2136 498 2220 puris
520 2136 552 2202 in
574 2135 710 2200 fontibus
732 2135 910 2200 abluentem
932 2136 1142 2202 membrorum
1163 2135 1269 2200 sordes
1293 2153 1364 2200 000-

32 2305 42 2324 „
190 2239 327 2324 atniger
353 2240 408 2326 illa
435 2242 562 2304 uenator
588 2238 720 2320 inspexit
743 2240 775 2304 et
796 2256 927 2320 poenam
950 2239 1137 2306 curiositatis
1159 2237 1291 2304 inuenit.
1327 2237 1362 2300 in

23 2325 162 2378 ²'f’'”'“'*b
239 2343 448 2425 philosophiae
474 2343 686 2408 memorabiles
714 2342 816 2407 studio
844 2344 937 2424 utque
965 2345 1003 2408 ad
1031 2342 1123 2422 istius
1149 2341 1285 2406 nominis
1308 2359 1362 2406 oo·
1436 2345 1437 2372 ³

239 2447 344 2512 lumen
359 2446 447 2511 uobis
461 2445 673 2511 laudatoribus
686 2444 798 2510 olauati
813 2445 991 2510 uniuersam
1006 2445 1099 2510 istam
1110 2445 1223 2511 molem
1235 2444 1360 2522 muudi,

239 2549 326 2614 onius
348 2566 454 2614 omnes
469 2547 660 2629 amplexibus
675 2548 839 2626 ambimur,
863 2549 1001 2633 tegimur
1014 2567 1050 2614 ao
1065 2549 1266 2630 sustinemur,
1291 2549 1360 2612 ani-
1369 2574 1390 2614 u

237 2671 324 2717 mans
351 2669 416 2716 esse
444 2669 540 2716 unum
573 2650 692 2732 sapiens
721 2651 870 2716 rationale
902 2651 1077 2717 oonsultnm
1111 2650 1264 2733 probabili
1301 2652 1358 2714 ad-

239 2755 429 2820 seueratione
451 2753 614 2820 deliniunt:
637 2772 766 2836 quorum
788 2755 816 2820 si
838 2755 885 2820 est
907 2773 995 2833 uera,
1025 2755 1086 2822 fine
1112 2757 1143 2820 et
1179 2755 1265 2820 serta
1287 2772 1359 2818 san-

237 2859 350 2937 tsntia,
373 2859 468 2924 etiam
490 2857 540 2936 illi
562 2858 706 2923 continuo
729 2859 869 2926 desinent
890 2858 935 2924 dii
958 2877 1023 2924 osse
1044 2876 1120 2941 quos
1141 2859 1174 2924 in
1197 2858 1264 2924 eius
1287 2877 1357 2939 por-

237 2961 373 3026 tionibus
400 2961 490 3042 paulo
518 2962 589 3026 anio
621 2961 795 3026 immutatis
827 2961 1003 3027 nominibus
1036 2960 1283 3029 eonstituebatis.
1323 2964 1359 3024 ut

237 3065 319 3128 enim
340 3064 430 3128 homo
452 3083 531 3128 unus
553 3064 660 3146 nequit
682 3065 877 3146 permanente
899 3063 947 3128 sui
963 3065 1096 3146 eorporis
1117 3064 1301 3146 integritate
1324 3064 1386 3127 inu

237 3165 374 3232 homines
403 3165 517 3230 multos
542 3166 656 3244 scindi,
684 3185 780 3250 neque
809 3167 947 3234 hominos
971 3187 1078 3234 rursus
1101 3167 1195 3232 multi
1219 3166 1357 3232 disiunc-

271 3420 484 3490 lpraeiudioata
507 3420 571 3475 Urs:
594 3419 744 3490 praedicata
762 3421 789 3474 P
889 3421 1044 3476 daboletur
1063 3422 1215 3488 Semeleius,
1234 3421 1354 3476 eraditur

235 3506 350 3576 Pythius
369 3505 384 3560 ?
485 3507 502 3560 5
519 3507 607 3572 dator,
625 3507 812 3560 sminthiorum
832 3507 903 3562 Sub.-
927 3507 1028 3562 datoris
1046 3508 1236 3562 minathiorum
1256 3510 1298 3576 (r'rr
1315 3525 1357 3577 mp

235 3594 271 3661 ·.·)
284 3592 312 3646 P
412 3592 503 3647 'ideae
513 3594 624 3662 scripsi:
643 3593 736 3647 dieiP
751 3593 794 3647 dei
806 3592 862 3648 aab
963 3593 1106 3650 tribialiP
1208 3594 1354 3670 lamiri-

235 3678 294 3732 uiae
311 3677 454 3746 triplioiter
477 3677 627 3732 nominatae
650 3678 664 3732 ‚2
688 3678 793 3733 Triuiae
813 3679 1005 3748 tergeminatae
1028 3680 1043 3734 2
1145 3681 1162 3734 9
1183 3679 1354 3735 dissidentiae

234 3765 452 3820 Eloreuborstius
474 3771 610 3834 tamquam
632 3783 646 3819 e
669 3765 772 3820 oodr'oe:
801 3765 964 3820 diffidentius
988 3767 1015 3820 P
1040 3767 1206 3821 differentias
1230 3767 1287 3823 Sub

234 3853 284 3906 tris
308 3851 335 3906 P
352 3867 415 3905 corr
516 3851 619 3905 Lunam
638 3851 729 3906 Salon.-
751 3852 815 3906 lum
832 3851 860 3906 in
878 3852 907 3906 P
922 3851 1025 3908 Lunam
1041 3853 1070 3906 in
1089 3852 1144 3908 Sub
1163 3854 1267 3908 Lunam
1285 3857 1353 3909 enim

239 3941 289 3991 Urs
392 3937 424 3993 11
442 3937 622 3991 ooaoorbatam
639 3936 767 3992 Peorro
869 3937 892 3990 si
910 3938 1067 3992 Memmius.-
1085 3954 1111 3992 se
1130 3940 1157 3993 P
1174 3955 1216 3993 om
1233 3940 1287 3994 Urs

235 4025 268 4077 12
284 4023 348 4078 item
366 4023 417 4076 Urs
521 4022 805 4091 reconsignatur:
823 4023 970 4093 conigerP
1072 4025 1104 4080 18
1122 4025 1248 4078 filosofiae
1261 4028 1289 4080 P

234 4108 416 4164 memorabiles
430 4109 495 4164 Gal:
513 4108 676 4163 memorabili
690 4109 717 4162 P
806 4109 840 4164 20
851 4109 972 4164 animans
985 4109 1076 4164 Solm:
1094 4112 1197 4164 animas
1210 4112 1238 4165 P
1254 4112 1352 4167 animal

234 4193 290 4249 doh
392 4195 424 4248 21
438 4194 593 4250 rationabile
605 4193 661 4250 Sub
762 4193 796 4248 22
807 4193 860 4248 fixa
871 4197 900 4249 at
915 4195 1060 4263 deuterus,
1077 4195 1185 4252 Ursset
1196 4196 1248 4252 lixa
1261 4199 1288 4254 P

233 4296 263 4334 aro
281 4283 352 4336 certa
368 4280 589 4336 Hildebrmrdius
695 4280 729 4336 23
747 4280 870 4334 desinent
888 4279 958 4336 Sub:
973 4281 1104 4338 desident
1122 4283 1150 4336 P
1228 4291 1231 4296 '
1257 4284 1291 4338 25
1308 4301 1351 4338 ne-

233 4364 299 4432 quid
314 4364 342 4418 P
440 4364 600 4434 integritate
617 4363 686 4419 sao:
709 4352 868 4435 integritati
886 4366 914 4419 P
970 4403 972 4410 .
1015 4367 1048 4420 aa
1066 4368 1146 4422 muru
1164 4368 1350 4423 disiunctione

238 4449 304 4503 Urs.-
326 4449 513 4504 multitudinis
529 4450 675 4504 iunctiouis
695 4453 721 4506 P
