2916 5010
273 473 335 542 148
434 508 442 520 κ
571 474 1078 530 Arnobiiaduersusnationes

271 647 384 730 scium,
411 647 553 730 quisnam
575 648 777 730 eorumquid
798 650 902 731 posset
924 650 956 713 et
977 648 1026 714 cui
1047 647 1093 712 rei
1114 647 1237 712 deberet
1259 664 1320 728 pro
1345 648 1394 712 sui

244 749 408 816 cruminis
429 751 580 833 potestate
601 752 768 833 praeponi?
790 751 864 833 quid
886 768 967 836 ergo,
989 751 1130 834 inquitis,
1152 750 1208 816 hos
1222 751 1299 816 deos
1316 768 1393 814 nus-

272 871 364 936 quam
386 871 451 918 esse
472 854 612 937 gentium
625 853 769 920 iudicatis
783 858 815 919 et
829 853 917 920 ialsis
931 853 1161 938 opinationibus
1176 853 1393 920 constitutos?

270 974 332 1021 non
353 955 437 1022 istud
458 974 512 1021 nos
533 957 601 1035 soli,
624 957 677 1022 sed
698 956 815 1024 ueritm
836 958 906 1041 ipsa
926 957 1004 1022 dicit
1025 957 1056 1022 et
1076 957 1157 1023 ratio
1179 956 1211 1021 et
1229 956 1290 1023 ille
1306 973 1392 1019 com-

269 1058 372 1124 munis
395 1059 447 1141 qui
470 1059 517 1124 est
538 1059 657 1125 cunctis
678 1059 710 1124 in
732 1060 916 1126 mortalibus
940 1077 1054 1127 sensus.
1086 1060 1140 1143 qui
1161 1059 1208 1124 est
1223 1059 1314 1124 enim
1339 1058 1419 1141 quis

270 1161 374 1227 credat
395 1179 459 1226 esse
477 1161 547 1226 deos
562 1161 687 1227 Lucrios
702 1163 733 1227 et
747 1163 904 1228 lucrorum
920 1161 1185 1229 consecutionibus
1199 1162 1391 1244 praesidere

270 1283 341 1331 cum
374 1282 409 1328 ex
440 1264 583 1346 turpibus
616 1264 716 1330 musis
748 1263 998 1347 frequentissime
1029 1265 1159 1330 uenimt
1191 1265 1223 1330 et
1252 1265 1392 1332 aliorum

270 1383 390 1449 semper
403 1385 439 1433 ex
454 1367 621 1448 dispendiis
636 1367 796 1433 constent?
817 1369 886 1450 quis
900 1368 1105 1446 libentinam,
1124 1367 1193 1450 quis
1207 1369 1228 1448 †
1243 1367 1391 1433 Burnum

270 1469 436 1535 libidinum
457 1488 612 1554 superesse
633 1471 751 1550 tutelis,
775 1488 850 1553 quas
870 1473 957 1537 iubet
972 1469 1124 1554 sapientia
1138 1473 1245 1555 fugere
1264 1471 1298 1536 et
1314 1490 1391 1553 quas

215 1651 223 1676 ο
271 1573 359 1637 millo
379 1590 432 1654 per
458 1573 574 1656 species
601 1575 784 1656 propudiosa
812 1575 967 1657 experitur
989 1576 1021 1639 et
1042 1576 1161 1640 exercet
1188 1575 1419 1640 obscenitates

271 1675 339 1758 quis
360 1675 588 1756 Limentinum,
615 1677 684 1758 quis
705 1677 828 1742 mnsam
855 1677 1025 1742 cumtodiam
1053 1678 1198 1743 liminum
1225 1695 1340 1760 gerere
1362 1681 1391 1743 et

270 1778 437 1844 ianitorum
458 1777 557 1844 officia
577 1779 740 1858 sustinere,
763 1765 834 1844 cum
855 1780 998 1846 fanorum
1020 1780 1131 1846 limina
1150 1779 1264 1845 cotidie
1280 1781 1391 1845 uidea-

271 1901 341 1947 mus
363 1885 394 1946 et
415 1882 607 1965 priuatarum
628 1885 788 1948 domorum
816 1882 946 1949 conuelli
974 1885 1006 1949 et
1033 1882 1139 1948 subrui
1165 1901 1221 1947 uec
1247 1883 1319 1948 sins
1343 1883 1390 1948 his

271 2002 336 2049 esse
355 1983 523 2070 flagitiosos
544 1985 584 2049 ad
606 1984 766 2068 lupanaria
792 1987 1003 2051 commeatus?
1035 1985 1105 2068 quis
1127 1985 1284 2052 curatores
1307 1986 1389 2050 obli-

270 2088 425 2169 quitatum
446 2089 558 2166 Limes,
581 2087 650 2170 quis
666 2085 834 2152 Saturnum
855 2087 1027 2170 praesidem
1049 2087 1186 2168 sationis,
1209 2087 1282 2170 quis
1296 2088 1416 2152 Mon-o

269 2192 371 2256 tinum
393 2193 555 2271 montium,
578 2192 648 2274 quis
668 2191 811 2275 segnium
833 2191 1030 2258 Murcidami
1057 2191 1127 2274 quis
1149 2194 1188 2256 ad
1210 2193 1390 2257 extremum

269 2295 359 2359 deam
387 2294 553 2360 Pecuniam
582 2313 647 2359 esse
676 2297 794 2373 credat,
828 2313 922 2376 quam
953 2295 1041 2360 uelut
1070 2293 1240 2359 maximum
1270 2313 1390 2360 numen

226 2419 229 2432 ·
269 2398 390 2463 uestrae
418 2397 557 2462 indicant
585 2396 707 2462 litterae
736 2398 848 2462 donare
869 2398 977 2462 anulos
1000 2415 1122 2476 aureos,
1152 2397 1220 2462 loca
1241 2395 1390 2462 inludis

270 2501 361 2582 atque
382 2500 414 2565 in
435 2499 616 2582 spectaculis
637 2500 752 2581 priora,
775 2500 925 2565 houomm
949 2502 1115 2586 suggestus
1137 2519 1294 2580 summos,
1319 2520 1389 2565 am·

268 2602 455 2686 plitudinem
476 2602 687 2686 magistratus,
709 2604 740 2666 et
756 2604 836 2684 quod
857 2601 989 2670 maxime
1005 2604 1087 2688 pigri
1102 2605 1217 2682 ament,
1240 2621 1418 2668 securuma

224 2709 324 2787 loper
350 2704 521 2788 opulentias
548 2704 655 2769 otium.
687 2705 797 2786 ¹quodsi
824 2706 937 2772 habent
964 2707 997 2771 in
1025 2705 1147 2771 sedibus
1175 2705 1293 2771 diuinis
1315 2725 1389 2772 suos

200 2807 407 2891 improprios
429 2807 582 2890 praesides
604 2824 681 2887 ossa,
703 2809 798 2873 mella
819 2810 852 2874 et
865 2809 975 2875 limina
997 2813 1155 2890 ceteraque
1176 2807 1247 2888 alia,
1276 2809 1281 2896 Ι
1308 2829 1389 2892 quae

269 2913 320 2976 uel
341 2911 453 2977 cursim
475 2909 710 2992 perstrinximus
732 2910 784 2976 uel
805 2911 977 2976 nimietatis
999 2928 1060 2976 non
1082 2910 1253 2994 adtigimus
1269 2913 1388 2989 taedio,

268 3014 343 3078 licet
374 3013 526 3078 consimili
557 3013 674 3078 ratione
700 3013 787 3078 mille
816 3014 893 3078 alios
921 3014 994 3080 deos
1024 3013 1182 3092 inducere,
1215 3013 1271 3094 qui
1293 3015 1389 3079 rebus

303 3285 408 3353 iquos
426 3286 481 3340 sac
616 3268 776 3340 arcuarii
793 3284 863 3339 aas.-
889 3284 1013 3339 increase
1032 3285 1059 3339 P
1195 3284 1241 3338 seu
1264 3285 1319 3340 Urs

268 3371 286 3426 4
302 3373 371 3426 ratio
390 3371 460 3427 Sub:
486 3373 569 3426 oratio
586 3373 614 3426 P
719 3370 736 3424 5
753 3371 782 3424 in
800 3371 958 3424 mortalibus
977 3372 1047 3426 Sub:
1073 3371 1271 3425 immortalibus
1291 3373 1320 3426 P

268 3457 329 3526 quis
350 3456 400 3511 Gal
511 3457 665 3511 Bconstcnt
678 3455 747 3510 Sub.-
764 3457 906 3510 constetP
1007 3457 1154 3522 Liburnum
1170 3457 1220 3511 aar
1237 3457 1388 3513 Litumam

267 3543 483 3598 Elmoaborettrcs
500 3541 625 3597 Liberum
636 3543 777 3596 Messalas
793 3542 920 3596 Prurium
937 3543 1157 3598 Heldcbroscda'ue
1256 3545 1294 3597 dO
1312 3561 1388 3614 expe

267 3628 338 3682 ritus
361 3628 425 3682 Urs:
451 3627 587 3696 expeditur
604 3629 633 3682 P
658 3628 757 3696 expetit
777 3629 826 3682 Get
963 3628 996 3682 11
1012 3629 1115 3682 Lunam
1133 3627 1189 3682 Sub
1212 3629 1309 3684 Ianum
1336 3631 1389 3685 Urs

266 3713 360 3767 Ianam
378 3713 540 3768 &smectica
658 3713 789 3767 luminum
807 3713 862 3768 Sab
976 3729 1066 3782 gerere
1083 3714 1152 3768 Sub.-
1174 3729 1273 3783 genere
1290 3716 1320 3769 P

267 3799 302 3852 12
317 3798 521 3853 liminaostdc'dc’
587 3799 707 3868 quotidie
724 3799 811 3853 millia
823 3799 870 3853 cccl
887 3800 929 3852 tot
946 3798 1217 3867 quotidieMcureius
1288 3800 1323 3854 14
1342 3802 1388 3870 qui

268 3883 322 3938 ›S'ob
436 3885 470 3937 15
486 3883 576 3938 Limes
595 3885 663 3938 Sat:
681 3885 780 3938 lemons
799 3886 827 3939 P
843 3883 969 3938 Limones
985 3884 1207 3940 Httdcbroada'rcs
1324 3888 1388 3956 quis

271 3969 338 4024 Urs:
356 3969 403 4037 qui
420 3970 447 4023 P
548 3969 660 4024 sationis
682 3969 744 4024 Get.-
766 3970 858 4024 latinis
877 3970 904 4024 P
920 3970 1016 4023 satiuis
1036 3970 1171 4043 Centoras
1273 3973 1308 4028 16
1326 3973 1387 4041 quis

267 4056 389 4124 segnium
407 4055 476 4109 Sub:
497 4055 544 4123 qui
562 4055 683 4124 segnium
697 4056 724 4108 P
846 4055 976 4109 Murciam
995 4055 1049 4110 Sub
1175 4057 1386 4125 torpescamus

269 4142 574 4210 SabrexspectaculisP
657 4141 795 4208 aequorei
811 4142 1032 4210 UrssquidsiP
1116 4142 1386 4212 habenthpaltirae:

267 4227 377 4282 haberet
393 4228 421 4281 P
437 4228 563 4282 haberent
582 4227 637 4282 Sub
655 4226 751 4281 habere
769 4228 845 4281 Salsa
958 4227 1121 4297 insedibus]
1139 4229 1169 4282 in
1188 4243 1215 4282 se
1233 4228 1310 4284 diuos
1334 4231 1386 4284 Ure

267 4313 395 4368 insistitis
413 4313 489 4368 Salsa
509 4317 538 4366 in
556 4311 686 4366 sideribus
703 4313 841 4382 Ripaltc’rcs
948 4313 1047 4368 diuinis
1064 4313 1163 4368 adeladi
1264 4314 1300 4368 22
1317 4317 1386 4369 ceto

268 4415 364 4468 mquae
381 4401 409 4454 P
425 4414 485 4454 corr
586 4397 620 4451 23
636 4414 692 4451 nora
708 4399 896 4466 adtigimusP
998 4397 1159 4466 attingimus
1176 4397 1231 4454 Sub
