2888 5008
581 486 680 542 Liber
703 485 734 544 V,
1150 486 1212 552 201

100 655 198 720 immo
227 655 314 722 uobis
340 657 537 725 matrimonio
559 660 738 744 coniugatus
760 659 799 724 ad
820 657 1036 724 uerecundiam
1058 649 1215 724 Beubonis

98 760 260 843 impellere
288 761 381 844 atque
411 763 451 828 ad
479 763 605 846 pudicas
628 761 745 831 Cereris
767 767 966 849 uoluptates?
999 761 1097 827 uultis
1119 759 1216 826 uestri

98 863 226 930 iuuenes
254 864 353 928 sciant
380 865 506 933 audient
533 849 666 948 discant,
696 867 836 952 Iuppiter
856 869 923 949 ipse
945 866 1046 949 qualis
1068 864 1101 928 iu
1122 882 1217 928 unam
1260 854 1268 866 ’

99 966 239 1032 extiterit
268 968 359 1050 atque
388 967 518 1034 alteram
549 970 705 1036 matrem?
738 970 836 1036 uultis
862 971 987 1036 adultae
1008 968 1144 1052 uirgines
1166 984 1216 1032 ro-

71 1067 245 1152 sbustique
274 1070 374 1136 adhuc
401 1072 514 1153 patres,
541 1071 623 1138 idem
651 1073 711 1138 isto
739 1073 773 1138 in
801 1072 899 1138 filiam
920 1091 980 1154 qua
1008 1072 1118 1139 luserit
1139 1071 1217 1150 orto„

98 1174 306 1258 cognoscent?
341 1174 439 1242 uultis
474 1193 634 1259 germanae
669 1175 733 1242 iem
766 1176 903 1242 ieruidee
932 1177 1024 1259 etque
1053 1194 1089 1240 ex
1116 1174 1217 1239 isdem

98 1276 269 1342 seminibus
290 1275 400 1342 trabes
424 1279 554 1344 eundem
577 1297 682 1346 rursus
703 1280 854 1362 accipient
869 1279 1066 1363 *concubitus
1089 1276 1216 1344 lectulos

97 1395 160 1444 non
181 1397 246 1446 esse
268 1383 465 1464 aspernatum
486 1383 620 1450 sororis?
641 1384 687 1448 ita
710 1401 781 1468 ergo
803 1401 863 1448 non
883 1383 1025 1466 protinus
1047 1381 1085 1448 ab
1109 1381 1216 1447 huius·

98 1482 187 1548 modi
215 1483 397 1569 fugimdum
425 1486 486 1552 diis
513 1487 604 1572 longe
637 1507 673 1553 oo
702 1505 739 1552 ue
768 1486 889 1570 inrepat
917 1487 949 1552 in
981 1486 1120 1552 animum
1150 1486 1217 1550 tam

60 1585 229 1668 noinpurae
249 1588 407 1672 religionis
422 1591 602 1670 obscenitas,
626 1590 784 1656 audientia
797 1592 865 1656 tota
879 1589 1045 1656 claudenda
1059 1590 1127 1655 est?
1147 1587 1218 1670 quis
1333 1611 1336 1620 ⁴

99 1693 150 1754 est
171 1691 254 1756 onim
276 1692 455 1758 mortalium
477 1695 542 1760 tarn
565 1694 685 1778 pudicis
704 1695 842 1760 moribus
856 1695 1029 1772 institutus,
1052 1679 1144 1775 quern
1158 1708 1218 1756 non

99 1793 339 1862 adhniusmodi
367 1795 465 1862 funes
495 1797 620 1863 deorum
649 1797 831 1864 documenta
859 1797 1032 1880 proritent?
1065 1797 1120 1860 aut
1149 1793 1217 1877 quis

99 1915 173 1962 snas
195 1897 396 1979 comprimere
420 1898 425 1985 Ι
451 1901 634 1983 cupiditates
656 1921 675 1966 a
697 1901 836 1984 cognatis
857 1901 960 1966 ualeat
982 1897 1216 1979 reuerendisque
1225 1913 1243 1966 s.
1255 1915 1304 1963 114

99 2005 247 2087 personis,
270 2022 341 2068 cum
364 2003 445 2084 apud
467 2021 590 2085 superos
613 2005 753 2070 sanetum
774 2003 853 2068 nihil
875 2004 909 2069 in
930 2003 1098 2068 libidinum
1112 2000 1218 2066 uideat

62 2122 91 2164 1⁵
101 2107 278 2174 confusione
300 2107 480 2172 seruatum?
511 2107 566 2172 nbi
583 2107 670 2174 enim
685 2108 819 2189 primam
833 2107 1060 2190 perfectamque
1074 2104 1217 2170 naturum

100 2211 187 2278 intra
206 2210 281 2276 fines
304 2210 478 2276 constiterit
499 2211 597 2276 iustos
619 2211 795 2293 cupidinem
816 2229 903 2276 suem
923 2229 985 2276 nou
1006 2208 1142 2274 uclusse
1156 2206 1217 2272 ire-

101 2331 191 2398 nere,
225 2331 278 2378 our
307 2331 367 2379 non
389 2313 421 2378 in
447 2314 636 2397 promiscuos
663 2313 819 2394 adpetitus
847 2312 984 2378 effimdat
1005 2331 1037 2379 ee
1065 2313 1154 2377 homo
1188 2309 1218 2374 et

102 2417 246 2502 ingenita
268 2415 440 2499 fragilitate
462 2435 605 2498 praeceps
620 2417 711 2482 datus
726 2420 757 2481 et
772 2416 950 2501 magisterio
966 2413 1087 2481 sanotae
1102 2411 1217 2478 diuini-

100 2520 180 2586 tatis
209 2519 358 2586 adiutus?
390 2519 453 2590 iam
482 2519 598 2584 dudum
629 2537 678 2584 me
706 2519 805 2585 fateor
826 2520 1021 2601 reputantem
1043 2535 1163 2583 mecum
1184 2517 1268 2583 inl·

61 2639 90 2678 so
101 2623 218 2688 auimo·
232 2640 336 2688 rerum
357 2621 568 2687 huiuscemodi
589 2624 727 2687 monstra
747 2622 872 2688 solitum
890 2639 954 2687 esse
969 2621 1085 2700 mirari,
1109 2620 1219 2686 audere

101 2741 161 2792 uos
182 2724 281 2790 dicere
311 2742 497 2807 quemquem
525 2743 563 2790 ex
587 2724 614 2788 is
641 2725 767 2790 atheum
795 2725 1008 2808 inreligiosum
1034 2723 1219 2807 sacrilegum

101 2829 160 2911 qui
190 2828 261 2894 deos
290 2845 355 2892 esse
386 2827 508 2893 omnino
538 2828 592 2892 eut
621 2829 734 2910 negent
763 2829 818 2894 ant
848 2827 991 2893 dubitent
1016 2828 1071 2892 aut
1094 2827 1147 2909 qui
1169 2843 1220 2892 eos

101 2931 243 2996 homines
264 2931 361 2997 fuisse
382 2929 567 2996 contendent
589 2933 620 2995 et
634 2931 800 3012 potestatis
816 2929 947 2996 alicuius
962 2932 993 2996 et
1009 2931 1114 2996 meriti
1128 2947 1221 2996 cansa

104 3033 232 3100 deorum
253 3033 285 3100 in
305 3052 469 3098 numerum
483 3033 604 3110 relatos,
628 3051 699 3097 cnm
721 3033 749 3096 si
769 3051 877 3098 uerum
897 3033 951 3098 fiet
966 3035 1058 3115 atque
1072 3033 1221 3100 habeatur

64 3155 246 3215 aserenan,
269 3137 370 3202 nullos
393 3154 485 3218 qnam
507 3153 562 3201 uos
583 3136 683 3219 magis
705 3136 881 3202 huiusmodi
902 3156 958 3218 par
980 3136 1023 3202 sit
1037 3136 1220 3220 appellatio·

104 3241 199 3308 nibus
219 3239 398 3322 nuncupari,
421 3239 475 3322 qui
497 3240 553 3304 sub
576 3240 676 3322 speeie
698 3240 843 3309 cultionis
865 3241 935 3323 plus
957 3240 990 3305 in
1008 3259 1059 3306 eos
1073 3240 1220 3324 ingeratis

105 3343 357 3410 maledictionum
385 3344 416 3407 et
442 3343 607 3408 criminum
639 3363 732 3427 quam
756 3334 787 3408 'si
813 3345 917 3426 aperte
943 3343 999 3410 hoc
1025 3345 1122 3411 fecere
1149 3363 1221 3410 eon-

104 3445 196 3512 feesis
232 3445 501 3511 maledictionibus
538 3447 772 3512 coinbibissetis.
816 3448 887 3513 deos
915 3465 981 3512 esse
1010 3448 1062 3530 qui
1099 3445 1223 3512 dubitet

56 3579 60 3589 ·
105 3551 162 3615 aut
184 3567 249 3614 esse
271 3550 393 3617 omnino
415 3550 469 3632 qui
490 3551 595 3634 negat,
624 3551 766 3633 quamuis
788 3551 874 3634 sequi
895 3551 1061 3616 sententias
1082 3551 1221 3616 inmanes

140 3803 157 3856 2
176 3803 323 3872 simpellere
334 3805 363 3861 P
373 3819 436 3860 corr
537 3805 554 3859 6
570 3821 709 3873 germanae
724 3805 834 3873 scripu:
852 3806 984 3874 germanis
1002 3807 1025 3874 (s
1043 3809 1113 3875 cros)
1129 3808 1159 3861 P

106 3889 226 3944 feruidae
236 3891 336 3958 scripsi
340 3911 350 3942 ε
367 3890 466 3946 feruidi
478 3893 506 3945 P
606 3889 704 3944 hisdem
715 3891 743 3944 P
758 3888 854 3946 iisdem
865 3891 920 3947 Sub
1021 3893 1037 3947 8
1054 3895 1222 3961 aspernatum

107 3977 414 4045 commoraturos?
512 3976 661 4032 somus?
756 3975 899 4032 9neScb:
918 3979 1003 4032 neeP
1052 4003 1058 4018 ·
1101 3980 1133 4033 11
1144 3995 1223 4048 quem

108 4065 172 4132 Sub,
189 4080 221 4117 r:
242 4064 339 4132 queP
439 4063 473 4118 16
489 4063 561 4126 intra
575 4062 637 4116 Gal:
654 4063 765 4118 interP
866 4063 992 4118 llimP
1093 4065 1126 4118 18
1141 4080 1222 4120 sesec-

106 4151 192 4206 toeP
282 4149 503 4204 wanderedcb:
521 4147 649 4203 audireP
734 4148 1026 4216 21hiemeXV‚Scb
1110 4150 1145 4206 22
1161 4151 1224 4206 deos

106 4238 157 4292 hos
170 4235 333 4292 Steweobioe
417 4234 551 4288 241erum
563 4234 704 4290 Mauricos
788 4234 822 4289 25
833 4235 921 4288 nullos
935 4235 1001 4290 Get.-
1017 4237 1116 4292 nullius
1129 4237 1157 4292 P

106 4325 142 4377 26
168 4316 228 4392 quio
246 4322 302 4376 Sub
414 4322 448 4378 28
473 4318 678 4376 coimbibieeetie
696 4319 787 4376 Salsu:
814 4319 998 4375 conbibissetis
1022 4323 1050 4376 P
1159 4324 1223 4380 deus

107 4409 136 4462 P
152 4425 214 4464 coar
917 4433 923 4445 ·
