<?xml version="1.0" encoding="UTF-8"?>
<!DOCTYPE html PUBLIC "-//W3C//DTD XHTML 1.0 Transitional//EN"
    "http://www.w3.org/TR/xhtml1/DTD/xhtml1-transitional.dtd">
<html xmlns="http://www.w3.org/1999/xhtml" xml:lang="en" lang="en">
 <head>
  <title>
</title>
<meta http-equiv="Content-Type" content="text/html;charset=utf-8" />
  <meta name='ocr-system' content='tesseract 3.04.00' />
  <meta name='ocr-capabilities' content='ocr_page ocr_carea ocr_par ocr_line ocrx_word'/>
</head>
<body>
  <div class='ocr_page' id='page_1' title='image "./corpusscriptoru09wissgoog_0287.png"; bbox 0 0 2888 5008; ppageno 0'>
   <div class='ocr_carea' id='block_1_1' title="bbox 255 495 1066 567">
    <p class='ocr_par' dir='ltr' id='par_1_1' title="bbox 255 495 1066 567">
     <span class='ocr_line' id='line_1_1' title="bbox 255 495 1066 567; baseline 0 -17"><span class='ocrx_word' id='word_1_1' title='bbox 255 500 319 567; x_wconf 77' lang='lat'>250</span> <span class='ocrx_word' id='word_1_2' title='bbox 556 495 701 550; x_wconf 79' lang='lat' dir='ltr'>Arnobii</span> <span class='ocrx_word' id='word_1_3' title='bbox 728 495 887 550; x_wconf 80' lang='lat' dir='ltr'>aduersus</span> <span class='ocrx_word' id='word_1_4' title='bbox 910 497 1066 552; x_wconf 77' lang='lat' dir='ltr'>nationes</span> 
     </span>
    </p>
   </div>
   <div class='ocr_carea' id='block_1_2' title="bbox 151 667 1420 3843">
    <p class='ocr_par' dir='ltr' id='par_1_2' title="bbox 151 667 1420 3893">
     <span class='ocr_line' id='line_1_2' title="bbox 256 667 1364 754; baseline -0.005 -18"><span class='ocrx_word' id='word_1_5' title='bbox 256 687 332 754; x_wconf 88' lang='lat' dir='ltr'>opus</span> <span class='ocrx_word' id='word_1_6' title='bbox 360 670 478 736; x_wconf 88' lang='lat' dir='ltr'>structa</span> <span class='ocrx_word' id='word_1_7' title='bbox 504 667 715 736; x_wconf 83' lang='lat' dir='ltr'>foedissimum</span> <span class='ocrx_word' id='word_1_8' title='bbox 743 670 835 752; x_wconf 87' lang='lat' dir='ltr'>atque</span> <span class='ocrx_word' id='word_1_9' title='bbox 856 669 889 734; x_wconf 89' lang='lat' dir='ltr'>in</span> <span class='ocrx_word' id='word_1_10' title='bbox 916 669 1019 736; x_wconf 88' lang='lat' dir='ltr'>sedem</span> <span class='ocrx_word' id='word_1_11' title='bbox 1046 667 1199 734; x_wconf 74' lang='lat' dir='ltr'>fabricata</span> <span class='ocrx_word' id='word_1_12' title='bbox 1220 668 1364 734; x_wconf 75' lang='lat' dir='ltr'>totorum.</span> 
     </span>
     <span class='ocr_line' id='line_1_3' title="bbox 210 771 1365 857; baseline 0 -21"><span class='ocrx_word' id='word_1_13' title='bbox 210 773 333 856; x_wconf 71' lang='lat' dir='ltr'>liquid</span> <span class='ocrx_word' id='word_1_14' title='bbox 355 772 473 853; x_wconf 90' lang='lat' dir='ltr'>dicitis,</span> <span class='ocrx_word' id='word_1_15' title='bbox 495 789 513 836; x_wconf 95' lang='lat' dir='ltr'>o</span> <span class='ocrx_word' id='word_1_16' title='bbox 535 771 611 838; x_wconf 77' lang='lat' dir='ltr'>isti?</span> <span class='ocrx_word' id='word_1_17' title='bbox 644 790 754 857; x_wconf 80' lang='lat' dir='ltr'>ergone</span> <span class='ocrx_word' id='word_1_18' title='bbox 779 772 834 838; x_wconf 94' lang='lat' dir='ltr'>ille</span> <span class='ocrx_word' id='word_1_19' title='bbox 860 773 952 856; x_wconf 93' lang='lat' dir='ltr'>putor</span> <span class='ocrx_word' id='word_1_20' title='bbox 979 771 1033 855; x_wconf 91' lang='lat' dir='ltr'>qui</span> <span class='ocrx_word' id='word_1_21' title='bbox 1063 791 1100 837; x_wconf 83' lang='lat' dir='ltr'>er</span> <span class='ocrx_word' id='word_1_22' title='bbox 1129 771 1219 837; x_wconf 90' lang='lat' dir='ltr'>coriis</span> <span class='ocrx_word' id='word_1_23' title='bbox 1249 771 1365 836; x_wconf 87' lang='lat' dir='ltr'>tollitur</span> 
     </span>
     <span class='ocr_line' id='line_1_4' title="bbox 167 873 1364 959; baseline -0.003 -19"><span class='ocrx_word' id='word_1_24' title='bbox 167 877 350 958; x_wconf 69' lang='lat' dir='ltr'>arcamque</span> <span class='ocrx_word' id='word_1_25' title='bbox 377 875 495 959; x_wconf 79' lang='lat' dir='ltr'>expirat</span> <span class='ocrx_word' id='word_1_26' title='bbox 522 875 709 954; x_wconf 74' lang='lat' dir='ltr'>ardentibus,</span> <span class='ocrx_word' id='word_1_27' title='bbox 734 873 740 959; x_wconf 81' lang='grc' dir='ltr'>Ι</span> <span class='ocrx_word' id='word_1_28' title='bbox 765 874 820 958; x_wconf 91' lang='lat' dir='ltr'>qui</span> <span class='ocrx_word' id='word_1_29' title='bbox 844 894 882 940; x_wconf 81' lang='lat' dir='ltr'>er</span> <span class='ocrx_word' id='word_1_30' title='bbox 901 874 1034 953; x_wconf 81' lang='lat' dir='ltr'>ossibm,</span> <span class='ocrx_word' id='word_1_31' title='bbox 1062 874 1117 956; x_wconf 91' lang='lat' dir='ltr'>qui</span> <span class='ocrx_word' id='word_1_32' title='bbox 1145 893 1181 940; x_wconf 86' lang='lat' dir='ltr'>or</span> <span class='ocrx_word' id='word_1_33' title='bbox 1203 875 1314 952; x_wconf 87' lang='lat' dir='ltr'>saetis,</span> <span class='ocrx_word' id='word_1_34' title='bbox 1334 892 1364 938; x_wconf 85' lang='lat' dir='ltr'>er</span> 
     </span>
     <span class='ocr_line' id='line_1_5' title="bbox 255 976 1364 1064; baseline -0.005 -19"><span class='ocrx_word' id='word_1_35' title='bbox 255 995 404 1064; x_wconf 90' lang='lat' dir='ltr'>agnorum</span> <span class='ocrx_word' id='word_1_36' title='bbox 426 976 546 1044; x_wconf 90' lang='lat' dir='ltr'>lanitiis</span> <span class='ocrx_word' id='word_1_37' title='bbox 569 977 815 1062; x_wconf 78' lang='lat' dir='ltr'>gallinarumque</span> <span class='ocrx_word' id='word_1_38' title='bbox 837 977 877 1043; x_wconf 89' lang='lat' dir='ltr'>do</span> <span class='ocrx_word' id='word_1_39' title='bbox 889 977 1013 1060; x_wconf 84' lang='lat' dir='ltr'>plumis,</span> <span class='ocrx_word' id='word_1_40' title='bbox 1036 977 1086 1044; x_wconf 90' lang='lat' dir='ltr'>dei</span> <span class='ocrx_word' id='word_1_41' title='bbox 1101 995 1215 1042; x_wconf 89' lang='lat' dir='ltr'>munus</span> <span class='ocrx_word' id='word_1_42' title='bbox 1229 978 1264 1042; x_wconf 87' lang='lat' dir='ltr'>et</span> <span class='ocrx_word' id='word_1_43' title='bbox 1278 977 1364 1041; x_wconf 91' lang='lat' dir='ltr'>bonor</span> 
     </span>
     <span class='ocr_line' id='line_1_6' title="bbox 255 1079 1388 1162; baseline -0.009 -14"><span class='ocrx_word' id='word_1_44' title='bbox 255 1084 316 1161; x_wconf 91' lang='lat' dir='ltr'>est,</span> <span class='ocrx_word' id='word_1_45' title='bbox 348 1081 582 1162; x_wconf 85' lang='lat' dir='ltr'>mactanturqne</span> <span class='ocrx_word' id='word_1_46' title='bbox 608 1080 664 1145; x_wconf 92' lang='lat' dir='ltr'>boc</span> <span class='ocrx_word' id='word_1_47' title='bbox 689 1080 741 1145; x_wconf 90' lang='lat' dir='ltr'>illi</span> <span class='ocrx_word' id='word_1_48' title='bbox 766 1098 896 1162; x_wconf 89' lang='lat' dir='ltr'>quorum</span> <span class='ocrx_word' id='word_1_49' title='bbox 913 1080 1040 1162; x_wconf 87' lang='lat' dir='ltr'>·templa</span> <span class='ocrx_word' id='word_1_50' title='bbox 1057 1094 1141 1146; x_wconf 86' lang='lat' dir='ltr'>oum</span> <span class='ocrx_word' id='word_1_51' title='bbox 1162 1079 1248 1146; x_wconf 84' lang='lat' dir='ltr'>adire</span> <span class='ocrx_word' id='word_1_52' title='bbox 1270 1079 1388 1160; x_wconf 72' lang='lat' dir='ltr'>dispo-s</span> 
     </span>
     <span class='ocr_line' id='line_1_7' title="bbox 254 1181 1365 1265; baseline -0.005 -16"><span class='ocrx_word' id='word_1_53' title='bbox 254 1185 338 1264; x_wconf 89' lang='lat' dir='ltr'>uitis,</span> <span class='ocrx_word' id='word_1_54' title='bbox 363 1184 401 1249; x_wconf 87' lang='lat' dir='ltr'>ab</span> <span class='ocrx_word' id='word_1_55' title='bbox 424 1185 507 1250; x_wconf 94' lang='lat' dir='ltr'>omni</span> <span class='ocrx_word' id='word_1_56' title='bbox 521 1199 575 1248; x_wconf 95' lang='lat' dir='ltr'>uos</span> <span class='ocrx_word' id='word_1_57' title='bbox 595 1182 664 1248; x_wconf 89' lang='lat' dir='ltr'>labe</span> <span class='ocrx_word' id='word_1_58' title='bbox 678 1200 779 1265; x_wconf 92' lang='lat' dir='ltr'>puros,</span> <span class='ocrx_word' id='word_1_59' title='bbox 802 1182 905 1248; x_wconf 89' lang='lat' dir='ltr'>lautos</span> <span class='ocrx_word' id='word_1_60' title='bbox 923 1181 1173 1264; x_wconf 79' lang='lat' dir='ltr'>castissimosque</span> <span class='ocrx_word' id='word_1_61' title='bbox 1185 1182 1365 1264; x_wconf 75' lang='lat' dir='ltr'>praestatis?</span> 
     </span>
     <span class='ocr_line' id='line_1_8' title="bbox 255 1283 1364 1371; baseline -0.005 -18"><span class='ocrx_word' id='word_1_62' title='bbox 255 1286 383 1370; x_wconf 90' lang='lat' dir='ltr'>etquid</span> <span class='ocrx_word' id='word_1_63' title='bbox 408 1303 473 1352; x_wconf 84' lang='lat' dir='ltr'>csso</span> <span class='ocrx_word' id='word_1_64' title='bbox 498 1286 547 1350; x_wconf 92' lang='lat' dir='ltr'>his</span> <span class='ocrx_word' id='word_1_65' title='bbox 576 1286 678 1371; x_wconf 89' lang='lat' dir='ltr'>potest</span> <span class='ocrx_word' id='word_1_66' title='bbox 704 1285 926 1368; x_wconf 75' lang='lat' dir='ltr'>coinquinatius</span> <span class='ocrx_word' id='word_1_67' title='bbox 948 1285 1074 1352; x_wconf 78' lang='lat' dir='ltr'>fetidius</span> <span class='ocrx_word' id='word_1_68' title='bbox 1096 1283 1250 1367; x_wconf 87' lang='lat' dir='ltr'>spurcius,</span> <span class='ocrx_word' id='word_1_69' title='bbox 1282 1303 1364 1367; x_wconf 88' lang='lat' dir='ltr'>quam</span> 
     </span>
     <span class='ocr_line' id='line_1_9' title="bbox 254 1388 1364 1468; baseline -0.006 -11"><span class='ocrx_word' id='word_1_70' title='bbox 254 1392 281 1457; x_wconf 90' lang='lat' dir='ltr'>si</span> <span class='ocrx_word' id='word_1_71' title='bbox 308 1391 355 1456; x_wconf 89' lang='lat' dir='ltr'>ita</span> <span class='ocrx_word' id='word_1_72' title='bbox 381 1389 456 1454; x_wconf 86' lang='lat' dir='ltr'>facti</span> <span class='ocrx_word' id='word_1_73' title='bbox 478 1391 551 1455; x_wconf 87' lang='lat' dir='ltr'>sunt</span> <span class='ocrx_word' id='word_1_74' title='bbox 578 1407 685 1454; x_wconf 90' lang='lat' dir='ltr'>sensus</span> <span class='ocrx_word' id='word_1_75' title='bbox 713 1389 762 1454; x_wconf 88' lang='lat' dir='ltr'>sui</span> <span class='ocrx_word' id='word_1_76' title='bbox 789 1390 913 1468; x_wconf 88' lang='lat' dir='ltr'>natura,</span> <span class='ocrx_word' id='word_1_77' title='bbox 944 1391 980 1454; x_wconf 89' lang='lat' dir='ltr'>nt</span> <span class='ocrx_word' id='word_1_78' title='bbox 1001 1389 1035 1454; x_wconf 91' lang='lat' dir='ltr'>in</span> <span class='ocrx_word' id='word_1_79' title='bbox 1057 1389 1214 1455; x_wconf 90' lang='lat' dir='ltr'>amoribus</span> <span class='ocrx_word' id='word_1_80' title='bbox 1235 1388 1364 1454; x_wconf 85' lang='lat' dir='ltr'>habeant</span> 
     </span>
     <span class='ocr_line' id='line_1_10' title="bbox 253 1490 1364 1576; baseline -0.005 -16"><span class='ocrx_word' id='word_1_81' title='bbox 253 1495 318 1560; x_wconf 89' lang='lat' dir='ltr'>tam</span> <span class='ocrx_word' id='word_1_82' title='bbox 342 1511 433 1558; x_wconf 86' lang='lat' dir='ltr'>saeua</span> <span class='ocrx_word' id='word_1_83' title='bbox 453 1493 575 1574; x_wconf 83' lang='lat' dir='ltr'>sintque</span> <span class='ocrx_word' id='word_1_84' title='bbox 596 1491 662 1557; x_wconf 91' lang='lat' dir='ltr'>illis</span> <span class='ocrx_word' id='word_1_85' title='bbox 684 1491 718 1558; x_wconf 92' lang='lat' dir='ltr'>in</span> <span class='ocrx_word' id='word_1_86' title='bbox 739 1492 899 1575; x_wconf 84' lang='lat' dir='ltr'>uoluptate</span> <span class='ocrx_word' id='word_1_87' title='bbox 919 1493 1060 1576; x_wconf 89' lang='lat' dir='ltr'>putores,</span> <span class='ocrx_word' id='word_1_88' title='bbox 1089 1507 1165 1574; x_wconf 91' lang='lat' dir='ltr'>quos</span> <span class='ocrx_word' id='word_1_89' title='bbox 1190 1509 1292 1574; x_wconf 89' lang='lat' dir='ltr'>neque</span> <span class='ocrx_word' id='word_1_90' title='bbox 1312 1490 1364 1573; x_wconf 89' lang='lat' dir='ltr'>ipsi</span> 
     </span>
     <span class='ocr_line' id='line_1_11' title="bbox 255 1593 1387 1680; baseline -0.011 -17"><span class='ocrx_word' id='word_1_91' title='bbox 255 1596 460 1663; x_wconf 86' lang='lat' dir='ltr'>sacrificantes</span> <span class='ocrx_word' id='word_1_92' title='bbox 489 1595 568 1660; x_wconf 81' lang='lat' dir='ltr'>ferre</span> <span class='ocrx_word' id='word_1_93' title='bbox 595 1613 650 1660; x_wconf 90' lang='lat' dir='ltr'>nec</span> <span class='ocrx_word' id='word_1_94' title='bbox 677 1595 828 1680; x_wconf 89' lang='lat' dir='ltr'>ingenuae</span> <span class='ocrx_word' id='word_1_95' title='bbox 856 1595 1007 1660; x_wconf 88' lang='lat' dir='ltr'>sustinere</span> <span class='ocrx_word' id='word_1_96' title='bbox 1034 1597 1151 1660; x_wconf 88' lang='lat' dir='ltr'>tractos</span> <span class='ocrx_word' id='word_1_97' title='bbox 1172 1593 1300 1660; x_wconf 87' lang='lat' dir='ltr'>ualeant</span> <span class='ocrx_word' id='word_1_98' title='bbox 1319 1613 1387 1676; x_wconf 81' lang='lat' dir='ltr'>pero</span> 
     </span>
     <span class='ocr_line' id='line_1_12' title="bbox 254 1695 1364 1783; baseline -0.005 -18"><span class='ocrx_word' id='word_1_99' title='bbox 254 1699 401 1783; x_wconf 89' lang='lat' dir='ltr'>spiritum</span> <span class='ocrx_word' id='word_1_100' title='bbox 431 1702 541 1763; x_wconf 80' lang='lat' dir='ltr'>nares?</span> <span class='ocrx_word' id='word_1_101' title='bbox 574 1699 682 1780; x_wconf 91' lang='lat' dir='ltr'>quodsi</span> <span class='ocrx_word' id='word_1_102' title='bbox 706 1698 912 1762; x_wconf 87' lang='lat' dir='ltr'>animantium</span> <span class='ocrx_word' id='word_1_103' title='bbox 934 1715 1041 1762; x_wconf 91' lang='lat' dir='ltr'>eruore</span> <span class='ocrx_word' id='word_1_104' title='bbox 1063 1698 1207 1764; x_wconf 82' lang='lat' dir='ltr'>honorari</span> <span class='ocrx_word' id='word_1_105' title='bbox 1228 1698 1262 1761; x_wconf 84' lang='lat' dir='ltr'>et</span> <span class='ocrx_word' id='word_1_106' title='bbox 1284 1695 1364 1761; x_wconf 83' lang='lat' dir='ltr'>adfici</span> 
     </span>
     <span class='ocr_line' id='line_1_13' title="bbox 254 1801 1364 1887; baseline -0.004 -19"><span class='ocrx_word' id='word_1_107' title='bbox 254 1819 435 1887; x_wconf 89' lang='lat' dir='ltr'>superorum</span> <span class='ocrx_word' id='word_1_108' title='bbox 465 1802 584 1866; x_wconf 87' lang='lat' dir='ltr'>animos</span> <span class='ocrx_word' id='word_1_109' title='bbox 613 1801 813 1878; x_wconf 82' lang='lat' dir='ltr'>existimatis,</span> <span class='ocrx_word' id='word_1_110' title='bbox 842 1819 896 1866; x_wconf 91' lang='lat' dir='ltr'>our</span> <span class='ocrx_word' id='word_1_111' title='bbox 923 1818 984 1865; x_wconf 90' lang='lat' dir='ltr'>non</span> <span class='ocrx_word' id='word_1_112' title='bbox 1011 1801 1055 1865; x_wconf 89' lang='lat' dir='ltr'>eis</span> <span class='ocrx_word' id='word_1_113' title='bbox 1076 1802 1110 1866; x_wconf 89' lang='lat' dir='ltr'>et</span> <span class='ocrx_word' id='word_1_114' title='bbox 1131 1801 1234 1865; x_wconf 88' lang='lat' dir='ltr'>mulos</span> <span class='ocrx_word' id='word_1_115' title='bbox 1258 1801 1291 1866; x_wconf 91' lang='lat' dir='ltr'>et</span> <span class='ocrx_word' id='word_1_116' title='bbox 1311 1801 1364 1865; x_wconf 79' lang='lat' dir='ltr'>ele</span> 
     </span>
     <span class='ocr_line' id='line_1_14' title="bbox 253 1903 1363 1988; baseline -0.001 -19"><span class='ocrx_word' id='word_1_117' title='bbox 253 1905 385 1988; x_wconf 91' lang='lat' dir='ltr'>phantos</span> <span class='ocrx_word' id='word_1_118' title='bbox 406 1903 552 1968; x_wconf 85' lang='lat' dir='ltr'>mactatis</span> <span class='ocrx_word' id='word_1_119' title='bbox 574 1905 606 1969; x_wconf 88' lang='lat' dir='ltr'>et</span> <span class='ocrx_word' id='word_1_120' title='bbox 628 1903 753 1969; x_wconf 82' lang='lat' dir='ltr'>asinos?</span> <span class='ocrx_word' id='word_1_121' title='bbox 775 1921 830 1969; x_wconf 91' lang='lat' dir='ltr'>our</span> <span class='ocrx_word' id='word_1_122' title='bbox 851 1920 911 1969; x_wconf 90' lang='lat' dir='ltr'>non</span> <span class='ocrx_word' id='word_1_123' title='bbox 933 1905 965 1968; x_wconf 93' lang='lat' dir='ltr'>et</span> <span class='ocrx_word' id='word_1_124' title='bbox 980 1909 1079 1983; x_wconf 80' lang='lat' dir='ltr'>canes,</span> <span class='ocrx_word' id='word_1_125' title='bbox 1103 1919 1191 1970; x_wconf 86' lang='lat' dir='ltr'>ursos</span> <span class='ocrx_word' id='word_1_126' title='bbox 1206 1905 1236 1968; x_wconf 91' lang='lat' dir='ltr'>et</span> <span class='ocrx_word' id='word_1_127' title='bbox 1252 1904 1363 1986; x_wconf 85' lang='lat' dir='ltr'>uulpes,</span> 
     </span>
     <span class='ocr_line' id='line_1_15' title="bbox 254 2005 1362 2088; baseline -0.003 -15"><span class='ocrx_word' id='word_1_128' title='bbox 254 2008 386 2073; x_wconf 89' lang='lat' dir='ltr'>camelos</span> <span class='ocrx_word' id='word_1_129' title='bbox 408 2007 440 2072; x_wconf 94' lang='lat' dir='ltr'>et</span> <span class='ocrx_word' id='word_1_130' title='bbox 461 2005 567 2072; x_wconf 87' lang='lat' dir='ltr'>belbas</span> <span class='ocrx_word' id='word_1_131' title='bbox 590 2007 621 2072; x_wconf 88' lang='lat' dir='ltr'>et</span> <span class='ocrx_word' id='word_1_132' title='bbox 643 2007 770 2072; x_wconf 78' lang='lat' dir='ltr'>leones?</span> <span class='ocrx_word' id='word_1_133' title='bbox 803 2009 835 2071; x_wconf 89' lang='lat' dir='ltr'>et</span> <span class='ocrx_word' id='word_1_134' title='bbox 857 2007 1001 2088; x_wconf 86' lang='lat' dir='ltr'>quoniam</span> <span class='ocrx_word' id='word_1_135' title='bbox 1030 2008 1170 2073; x_wconf 87' lang='lat' dir='ltr'>uolucres</span> <span class='ocrx_word' id='word_1_136' title='bbox 1200 2007 1362 2072; x_wconf 86' lang='lat' dir='ltr'>hostiarum</span> 
     </span>
     <span class='ocr_line' id='line_1_16' title="bbox 254 2109 1385 2194; baseline -0.001 -19"><span class='ocrx_word' id='word_1_137' title='bbox 254 2127 373 2193; x_wconf 91' lang='lat' dir='ltr'>quoquo</span> <span class='ocrx_word' id='word_1_138' title='bbox 395 2110 428 2174; x_wconf 91' lang='lat' dir='ltr'>in</span> <span class='ocrx_word' id='word_1_139' title='bbox 449 2109 585 2175; x_wconf 88' lang='lat' dir='ltr'>numeris</span> <span class='ocrx_word' id='word_1_140' title='bbox 606 2109 731 2192; x_wconf 88' lang='lat' dir='ltr'>ponitis,</span> <span class='ocrx_word' id='word_1_141' title='bbox 764 2128 817 2174; x_wconf 91' lang='lat' dir='ltr'>our</span> <span class='ocrx_word' id='word_1_142' title='bbox 838 2126 899 2174; x_wconf 91' lang='lat' dir='ltr'>non</span> <span class='ocrx_word' id='word_1_143' title='bbox 921 2110 1075 2174; x_wconf 84' lang='lat' dir='ltr'>uolturios</span> <span class='ocrx_word' id='word_1_144' title='bbox 1098 2109 1217 2194; x_wconf 82' lang='lat' dir='ltr'>aquilas</span> <span class='ocrx_word' id='word_1_145' title='bbox 1239 2109 1385 2175; x_wconf 72' lang='lat' dir='ltr'>simmae</span> 
     </span>
     <span class='ocr_line' id='line_1_17' title="bbox 253 2211 1363 2295; baseline 0 -17"><span class='ocrx_word' id='word_1_146' title='bbox 253 2212 432 2278; x_wconf 89' lang='lat' dir='ltr'>inmussilos</span> <span class='ocrx_word' id='word_1_147' title='bbox 464 2211 613 2277; x_wconf 90' lang='lat' dir='ltr'>buteones</span> <span class='ocrx_word' id='word_1_148' title='bbox 646 2229 752 2278; x_wconf 89' lang='lat' dir='ltr'>coruos</span> <span class='ocrx_word' id='word_1_149' title='bbox 787 2212 947 2295; x_wconf 87' lang='lat' dir='ltr'>accipitres</span> <span class='ocrx_word' id='word_1_150' title='bbox 980 2213 1109 2277; x_wconf 89' lang='lat' dir='ltr'>noctuas</span> <span class='ocrx_word' id='word_1_151' title='bbox 1142 2231 1277 2294; x_wconf 88' lang='lat' dir='ltr'>cumque</span> <span class='ocrx_word' id='word_1_152' title='bbox 1308 2212 1363 2278; x_wconf 85' lang='lat' dir='ltr'>illis</span> 
     </span>
     <span class='ocr_line' id='line_1_18' title="bbox 254 2315 1362 2400; baseline -0.002 -18"><span class='ocrx_word' id='word_1_153' title='bbox 254 2316 464 2382; x_wconf 85' lang='lat' dir='ltr'>salamandras</span> <span class='ocrx_word' id='word_1_154' title='bbox 491 2315 623 2379; x_wconf 88' lang='lat' dir='ltr'>natrices</span> <span class='ocrx_word' id='word_1_155' title='bbox 650 2315 772 2397; x_wconf 88' lang='lat' dir='ltr'>uiperas</span> <span class='ocrx_word' id='word_1_156' title='bbox 800 2316 977 2399; x_wconf 78' lang='lat' dir='ltr'>solifugas?</span> <span class='ocrx_word' id='word_1_157' title='bbox 1008 2333 1119 2400; x_wconf 88' lang='lat' dir='ltr'>nempe</span> <span class='ocrx_word' id='word_1_158' title='bbox 1140 2315 1249 2381; x_wconf 84' lang='lat' dir='ltr'>subeat</span> <span class='ocrx_word' id='word_1_159' title='bbox 1270 2318 1303 2382; x_wconf 91' lang='lat' dir='ltr'>et</span> <span class='ocrx_word' id='word_1_160' title='bbox 1321 2317 1362 2380; x_wconf 87' lang='lat' dir='ltr'>lis</span> 
     </span>
     <span class='ocr_line' id='line_1_19' title="bbox 253 2417 1363 2504; baseline -0.002 -20"><span class='ocrx_word' id='word_1_161' title='bbox 253 2421 378 2504; x_wconf 88' lang='lat' dir='ltr'>sangnis</span> <span class='ocrx_word' id='word_1_162' title='bbox 406 2421 438 2484; x_wconf 91' lang='lat' dir='ltr'>et</span> <span class='ocrx_word' id='word_1_163' title='bbox 466 2417 619 2484; x_wconf 85' lang='lat' dir='ltr'>&#39;consimili</span> <span class='ocrx_word' id='word_1_164' title='bbox 641 2418 759 2484; x_wconf 88' lang='lat' dir='ltr'>ratione</span> <span class='ocrx_word' id='word_1_165' title='bbox 789 2419 881 2482; x_wconf 88' lang='lat' dir='ltr'>uitali</span> <span class='ocrx_word' id='word_1_166' title='bbox 904 2419 1062 2502; x_wconf 78' lang='lat' dir='ltr'>agitentur</span> <span class='ocrx_word' id='word_1_167' title='bbox 1083 2418 1206 2502; x_wconf 88' lang='lat' dir='ltr'>spiritu.</span> <span class='ocrx_word' id='word_1_168' title='bbox 1241 2419 1363 2501; x_wconf 90' lang='lat' dir='ltr'>qnidin</span> 
     </span>
     <span class='ocr_line' id='line_1_20' title="bbox 253 2520 1420 2604; baseline -0.003 -17"><span class='ocrx_word' id='word_1_169' title='bbox 253 2523 317 2588; x_wconf 91' lang='lat' dir='ltr'>illis</span> <span class='ocrx_word' id='word_1_170' title='bbox 340 2521 464 2588; x_wconf 86' lang='lat' dir='ltr'>maioris</span> <span class='ocrx_word' id='word_1_171' title='bbox 486 2523 534 2586; x_wconf 91' lang='lat' dir='ltr'>est</span> <span class='ocrx_word' id='word_1_172' title='bbox 555 2520 655 2604; x_wconf 87' lang='lat' dir='ltr'>operis</span> <span class='ocrx_word' id='word_1_173' title='bbox 677 2523 733 2586; x_wconf 89' lang='lat' dir='ltr'>aut</span> <span class='ocrx_word' id='word_1_174' title='bbox 754 2520 910 2587; x_wconf 86' lang='lat' dir='ltr'>sollertiae</span> <span class='ocrx_word' id='word_1_175' title='bbox 931 2521 966 2586; x_wconf 91' lang='lat' dir='ltr'>in</span> <span class='ocrx_word' id='word_1_176' title='bbox 980 2520 1029 2585; x_wconf 92' lang='lat' dir='ltr'>his</span> <span class='ocrx_word' id='word_1_177' title='bbox 1045 2522 1157 2599; x_wconf 92' lang='lat' dir='ltr'>minus,</span> <span class='ocrx_word' id='word_1_178' title='bbox 1178 2522 1216 2587; x_wconf 91' lang='lat' dir='ltr'>ut</span> <span class='ocrx_word' id='word_1_179' title='bbox 1229 2521 1296 2586; x_wconf 89' lang='lat' dir='ltr'>ista</span> <span class='ocrx_word' id='word_1_180' title='bbox 1310 2539 1362 2586; x_wconf 93' lang='lat' dir='ltr'>non</span> <span class='ocrx_word' id='word_1_181' title='bbox 1419 2535 1420 2540; x_wconf 70' lang='grc'>’</span> 
     </span>
     <span class='ocr_line' id='line_1_21' title="bbox 253 2623 1386 2711; baseline -0.004 -20"><span class='ocrx_word' id='word_1_182' title='bbox 253 2627 395 2711; x_wconf 86' lang='lat' dir='ltr'>augeant,</span> <span class='ocrx_word' id='word_1_183' title='bbox 419 2643 598 2709; x_wconf 90' lang='lat' dir='ltr'>superorum</span> <span class='ocrx_word' id='word_1_184' title='bbox 619 2623 676 2689; x_wconf 90' lang='lat' dir='ltr'>illa</span> <span class='ocrx_word' id='word_1_185' title='bbox 699 2623 888 2705; x_wconf 87' lang='lat' dir='ltr'>amplificent</span> <span class='ocrx_word' id='word_1_186' title='bbox 910 2624 1118 2708; x_wconf 79' lang='lat' dir='ltr'>dignitatem?</span> <span class='ocrx_word' id='word_1_187' title='bbox 1140 2625 1212 2711; x_wconf 89' lang='lat' dir='ltr'>quia</span> <span class='ocrx_word' id='word_1_188' title='bbox 1226 2625 1321 2691; x_wconf 88' lang='lat' dir='ltr'>rebus</span> <span class='ocrx_word' id='word_1_189' title='bbox 1335 2640 1386 2688; x_wconf 78' lang='lat' dir='ltr'>arc</span> 
     </span>
     <span class='ocr_line' id='line_1_22' title="bbox 252 2726 1363 2811; baseline -0.001 -18"><span class='ocrx_word' id='word_1_190' title='bbox 252 2728 310 2806; x_wconf 91' lang='lat' dir='ltr'>bis,</span> <span class='ocrx_word' id='word_1_191' title='bbox 333 2729 444 2811; x_wconf 90' lang='lat' dir='ltr'>inquit,</span> <span class='ocrx_word' id='word_1_192' title='bbox 467 2728 538 2792; x_wconf 88' lang='lat' dir='ltr'>deos</span> <span class='ocrx_word' id='word_1_193' title='bbox 561 2745 617 2809; x_wconf 88' lang='lat' dir='ltr'>par</span> <span class='ocrx_word' id='word_1_194' title='bbox 638 2727 686 2791; x_wconf 89' lang='lat' dir='ltr'>ost</span> <span class='ocrx_word' id='word_1_195' title='bbox 704 2726 853 2793; x_wconf 88' lang='lat' dir='ltr'>honorare</span> <span class='ocrx_word' id='word_1_196' title='bbox 868 2727 1022 2807; x_wconf 88' lang='lat' dir='ltr'>caelestes,</span> <span class='ocrx_word' id='word_1_197' title='bbox 1044 2728 1157 2810; x_wconf 88' lang='lat' dir='ltr'>quibus</span> <span class='ocrx_word' id='word_1_198' title='bbox 1172 2729 1231 2811; x_wconf 92' lang='lat' dir='ltr'>ipsi</span> <span class='ocrx_word' id='word_1_199' title='bbox 1248 2731 1363 2810; x_wconf 86' lang='lat' dir='ltr'>alimur,</span> 
     </span>
     <span class='ocr_line' id='line_1_23' title="bbox 253 2821 1419 2912; baseline -0.001 -17"><span class='ocrx_word' id='word_1_200' title='bbox 253 2832 463 2897; x_wconf 88' lang='lat' dir='ltr'>sustentamur</span> <span class='ocrx_word' id='word_1_201' title='bbox 485 2831 516 2896; x_wconf 87' lang='lat' dir='ltr'>et</span> <span class='ocrx_word' id='word_1_202' title='bbox 537 2830 674 2895; x_wconf 90' lang='lat' dir='ltr'>uiuimus</span> <span class='ocrx_word' id='word_1_203' title='bbox 696 2833 728 2894; x_wconf 90' lang='lat' dir='ltr'>ot</span> <span class='ocrx_word' id='word_1_204' title='bbox 749 2835 833 2912; x_wconf 87' lang='lat' dir='ltr'>quas</span> <span class='ocrx_word' id='word_1_205' title='bbox 847 2831 933 2895; x_wconf 92' lang='lat' dir='ltr'>nobis</span> <span class='ocrx_word' id='word_1_206' title='bbox 957 2831 996 2896; x_wconf 90' lang='lat' dir='ltr'>ad</span> <span class='ocrx_word' id='word_1_207' title='bbox 1018 2831 1137 2896; x_wconf 89' lang='lat' dir='ltr'>uictum</span> <span class='ocrx_word' id='word_1_208' title='bbox 1159 2831 1208 2896; x_wconf 90' lang='lat' dir='ltr'>sui</span> <span class='ocrx_word' id='word_1_209' title='bbox 1234 2832 1364 2896; x_wconf 88' lang='lat' dir='ltr'>numinis</span> <span class='ocrx_word' id='word_1_210' title='bbox 1418 2821 1419 2826; x_wconf 64' lang='grc'>’</span> 
     </span>
     <span class='ocr_line' id='line_1_24' title="bbox 253 2933 1363 3017; baseline -0.001 -19"><span class='ocrx_word' id='word_1_211' title='bbox 253 2935 389 2999; x_wconf 86' lang='lat' dir='ltr'>tribuere</span> <span class='ocrx_word' id='word_1_212' title='bbox 409 2933 601 3017; x_wconf 89' lang='lat' dir='ltr'>benignitate</span> <span class='ocrx_word' id='word_1_213' title='bbox 626 2933 747 3017; x_wconf 82' lang='lat' dir='ltr'>dignati</span> <span class='ocrx_word' id='word_1_214' title='bbox 773 2937 856 2999; x_wconf 87' lang='lat' dir='ltr'>sunt.</span> <span class='ocrx_word' id='word_1_215' title='bbox 882 2936 935 3000; x_wconf 93' lang='lat' dir='ltr'>sed</span> <span class='ocrx_word' id='word_1_216' title='bbox 950 2934 982 2999; x_wconf 91' lang='lat' dir='ltr'>ot</span> <span class='ocrx_word' id='word_1_217' title='bbox 998 2935 1156 3000; x_wconf 88' lang='lat' dir='ltr'>cuminum</span> <span class='ocrx_word' id='word_1_218' title='bbox 1179 2936 1363 3000; x_wconf 78' lang='lat' dir='ltr'>nasturcium</span> 
     </span>
     <span class='ocr_line' id='line_1_25' title="bbox 253 3036 1363 3118; baseline 0.002 -18"><span class='ocrx_word' id='word_1_219' title='bbox 253 3055 327 3118; x_wconf 90' lang='lat' dir='ltr'>rapa</span> <span class='ocrx_word' id='word_1_220' title='bbox 359 3036 469 3100; x_wconf 90' lang='lat' dir='ltr'>bulbos</span> <span class='ocrx_word' id='word_1_221' title='bbox 502 3036 607 3118; x_wconf 88' lang='lat' dir='ltr'>apium</span> <span class='ocrx_word' id='word_1_222' title='bbox 639 3037 766 3102; x_wconf 80' lang='lat' dir='ltr'>carduos</span> <span class='ocrx_word' id='word_1_223' title='bbox 798 3037 914 3102; x_wconf 89' lang='lat' dir='ltr'>radices</span> <span class='ocrx_word' id='word_1_224' title='bbox 948 3037 1123 3103; x_wconf 82' lang='lat' dir='ltr'>cucurbitas</span> <span class='ocrx_word' id='word_1_225' title='bbox 1152 3039 1258 3103; x_wconf 89' lang='lat' dir='ltr'>rutam</span> <span class='ocrx_word' id='word_1_226' title='bbox 1287 3057 1363 3102; x_wconf 90' lang='lat' dir='ltr'>meu·</span> 
     </span>
     <span class='ocr_line' id='line_1_26' title="bbox 252 3133 1386 3222; baseline -0.002 -18"><span class='ocrx_word' id='word_1_227' title='bbox 252 3140 319 3204; x_wconf 88' lang='lat' dir='ltr'>tam</span> <span class='ocrx_word' id='word_1_228' title='bbox 345 3139 479 3204; x_wconf 88' lang='lat' dir='ltr'>ocimum</span> <span class='ocrx_word' id='word_1_229' title='bbox 506 3133 646 3220; x_wconf 89' lang='lat' dir='ltr'>puleium</span> <span class='ocrx_word' id='word_1_230' title='bbox 675 3157 859 3222; x_wconf 88' lang='lat' dir='ltr'>porrumque</span> <span class='ocrx_word' id='word_1_231' title='bbox 886 3141 1038 3206; x_wconf 87' lang='lat' dir='ltr'>ssctiuum</span> <span class='ocrx_word' id='word_1_232' title='bbox 1065 3140 1149 3206; x_wconf 90' lang='lat' dir='ltr'>idom</span> <span class='ocrx_word' id='word_1_233' title='bbox 1170 3141 1308 3206; x_wconf 88' lang='lat' dir='ltr'>tribuere</span> <span class='ocrx_word' id='word_1_234' title='bbox 1327 3139 1386 3205; x_wconf 75' lang='lat' dir='ltr'>diis</span> 
     </span>
     <span class='ocr_line' id='line_1_27' title="bbox 254 3241 1418 3336; baseline -0.001 -30"><span class='ocrx_word' id='word_1_235' title='bbox 254 3242 341 3306; x_wconf 90' lang='lat' dir='ltr'>uobis</span> <span class='ocrx_word' id='word_1_236' title='bbox 364 3242 540 3323; x_wconf 83' lang='lat' dir='ltr'>esseqnein</span> <span class='ocrx_word' id='word_1_237' title='bbox 563 3242 670 3308; x_wconf 89' lang='lat' dir='ltr'>usibus</span> <span class='ocrx_word' id='word_1_238' title='bbox 692 3242 805 3308; x_wconf 89' lang='lat' dir='ltr'>uestris</span> <span class='ocrx_word' id='word_1_239' title='bbox 821 3243 1037 3336; x_wconf 82' lang='lat' dir='ltr'>alimoniarum</span> <span class='ocrx_word' id='word_1_240' title='bbox 1056 3244 1090 3308; x_wconf 93' lang='lat' dir='ltr'>in</span> <span class='ocrx_word' id='word_1_241' title='bbox 1104 3245 1191 3328; x_wconf 86' lang='lat' dir='ltr'>parte</span> <span class='ocrx_word' id='word_1_242' title='bbox 1204 3243 1362 3309; x_wconf 85' lang='lat' dir='ltr'>iusserunt.</span> <span class='ocrx_word' id='word_1_243' title='bbox 1417 3241 1418 3329; x_wconf 42' lang='grc' dir='ltr'><em>ᾗ</em></span> 
     </span>
     <span class='ocr_line' id='line_1_28' title="bbox 255 3344 1363 3429; baseline 0.004 -21"><span class='ocrx_word' id='word_1_244' title='bbox 255 3344 329 3426; x_wconf 91' lang='lat' dir='ltr'>quid</span> <span class='ocrx_word' id='word_1_245' title='bbox 350 3363 421 3428; x_wconf 90' lang='lat' dir='ltr'>ergo</span> <span class='ocrx_word' id='word_1_246' title='bbox 443 3345 568 3410; x_wconf 86' lang='lat' dir='ltr'>cessatis</span> <span class='ocrx_word' id='word_1_247' title='bbox 591 3345 740 3410; x_wconf 83' lang='lat' dir='ltr'>altaribus</span> <span class='ocrx_word' id='word_1_248' title='bbox 764 3347 795 3411; x_wconf 92' lang='lat' dir='ltr'>et</span> <span class='ocrx_word' id='word_1_249' title='bbox 817 3345 892 3411; x_wconf 89' lang='lat' dir='ltr'>haec</span> <span class='ocrx_word' id='word_1_250' title='bbox 922 3347 995 3412; x_wconf 88' lang='lat' dir='ltr'>dare</span> <span class='ocrx_word' id='word_1_251' title='bbox 1020 3348 1170 3429; x_wconf 87' lang='lat' dir='ltr'>rebusque</span> <span class='ocrx_word' id='word_1_252' title='bbox 1201 3347 1251 3412; x_wconf 91' lang='lat' dir='ltr'>his</span> <span class='ocrx_word' id='word_1_253' title='bbox 1272 3346 1363 3412; x_wconf 87' lang='lat' dir='ltr'>omni·</span> 
     </span>
     <span class='ocr_line' id='line_1_29' title="bbox 253 3447 1363 3532; baseline -0.001 -20"><span class='ocrx_word' id='word_1_254' title='bbox 253 3447 311 3513; x_wconf 89' lang='lat' dir='ltr'>bus</span> <span class='ocrx_word' id='word_1_255' title='bbox 332 3448 465 3513; x_wconf 89' lang='lat' dir='ltr'>oonilam</span> <span class='ocrx_word' id='word_1_256' title='bbox 486 3465 719 3532; x_wconf 86' lang='lat' dir='ltr'>superspergere</span> <span class='ocrx_word' id='word_1_257' title='bbox 740 3447 902 3515; x_wconf 85' lang='lat' dir='ltr'>bubulam·</span> <span class='ocrx_word' id='word_1_258' title='bbox 914 3451 946 3514; x_wconf 88' lang='lat' dir='ltr'>et</span> <span class='ocrx_word' id='word_1_259' title='bbox 967 3451 1150 3516; x_wconf 82' lang='lat' dir='ltr'>acrimonias</span> <span class='ocrx_word' id='word_1_260' title='bbox 1162 3451 1363 3516; x_wconf 88' lang='lat' dir='ltr'>intermiscere</span> 
     </span>
     <span class='ocr_line' id='line_1_30' title="bbox 208 3550 1362 3636; baseline 0.001 -18"><span class='ocrx_word' id='word_1_261' title='bbox 208 3555 422 3634; x_wconf 74' lang='lat' dir='ltr'>ltceparum?</span> <span class='ocrx_word' id='word_1_262' title='bbox 455 3569 533 3630; x_wconf 87' lang='lat' dir='ltr'>ecce,</span> <span class='ocrx_word' id='word_1_263' title='bbox 559 3550 563 3635; x_wconf 77' lang='grc'>1</span> <span class='ocrx_word' id='word_1_264' title='bbox 590 3551 617 3616; x_wconf 89' lang='lat' dir='ltr'>si</span> <span class='ocrx_word' id='word_1_265' title='bbox 645 3567 700 3616; x_wconf 92' lang='lat' dir='ltr'>uos</span> <span class='ocrx_word' id='word_1_266' title='bbox 727 3569 817 3616; x_wconf 89' lang='lat' dir='ltr'>canes</span> <span class='ocrx_word' id='word_1_267' title='bbox 839 3587 876 3599; x_wconf 94' lang='lat'>-</span> <span class='ocrx_word' id='word_1_268' title='bbox 904 3570 1026 3618; x_wconf 87' lang='lat' dir='ltr'>necesse</span> <span class='ocrx_word' id='word_1_269' title='bbox 1048 3553 1095 3618; x_wconf 91' lang='lat' dir='ltr'>est</span> <span class='ocrx_word' id='word_1_270' title='bbox 1116 3553 1362 3636; x_wconf 85' lang='lat' dir='ltr'>anim-quaedam</span> 
     </span>
     <span class='ocr_line' id='line_1_31' title="bbox 151 3639 1385 3739; baseline -0.001 -21"><span class='ocrx_word' id='word_1_271' title='bbox 151 3641 169 3692; x_wconf 78' lang='lat' dir='ltr'>f·</span> <span class='ocrx_word' id='word_1_272' title='bbox 181 3639 339 3738; x_wconf 62' lang='lat' dir='ltr'>¹42lfingi,</span> <span class='ocrx_word' id='word_1_273' title='bbox 359 3652 492 3736; x_wconf 85' lang='lat' dir='ltr'>perspici</span> <span class='ocrx_word' id='word_1_274' title='bbox 512 3654 550 3717; x_wconf 93' lang='lat' dir='ltr'>ut</span> <span class='ocrx_word' id='word_1_275' title='bbox 570 3653 718 3736; x_wconf 85' lang='lat' dir='ltr'>liquidius</span> <span class='ocrx_word' id='word_1_276' title='bbox 740 3675 789 3720; x_wconf 89' lang='lat' dir='ltr'>res</span> <span class='ocrx_word' id='word_1_277' title='bbox 810 3655 930 3737; x_wconf 86' lang='lat' dir='ltr'>possint</span> <span class='ocrx_word' id='word_1_278' title='bbox 953 3691 990 3706; x_wconf 91' lang='lat'>—</span> <span class='ocrx_word' id='word_1_279' title='bbox 1007 3657 1043 3734; x_wconf 92' lang='lat' dir='ltr'>si,</span> <span class='ocrx_word' id='word_1_280' title='bbox 1065 3657 1204 3739; x_wconf 83' lang='lat' dir='ltr'>inquam,</span> <span class='ocrx_word' id='word_1_281' title='bbox 1226 3675 1317 3722; x_wconf 88' lang='lat' dir='ltr'>canos</span> <span class='ocrx_word' id='word_1_282' title='bbox 1337 3655 1385 3720; x_wconf 81' lang='lat' dir='ltr'>eto</span> 
     </span>
     <span class='ocr_line' id='line_1_32' title="bbox 254 3756 1362 3843; baseline 0.001 -21"><span class='ocrx_word' id='word_1_283' title='bbox 254 3756 350 3836; x_wconf 88' lang='lat' dir='ltr'>asini,</span> <span class='ocrx_word' id='word_1_284' title='bbox 384 3756 411 3820; x_wconf 91' lang='lat' dir='ltr'>si</span> <span class='ocrx_word' id='word_1_285' title='bbox 441 3756 617 3821; x_wconf 85' lang='lat' dir='ltr'>motacillae</span> <span class='ocrx_word' id='word_1_286' title='bbox 650 3775 721 3821; x_wconf 91' lang='lat' dir='ltr'>eum</span> <span class='ocrx_word' id='word_1_287' title='bbox 747 3757 795 3823; x_wconf 92' lang='lat' dir='ltr'>his</span> <span class='ocrx_word' id='word_1_288' title='bbox 824 3758 934 3838; x_wconf 89' lang='lat' dir='ltr'>simul,</span> <span class='ocrx_word' id='word_1_289' title='bbox 968 3760 995 3825; x_wconf 89' lang='lat' dir='ltr'>si</span> <span class='ocrx_word' id='word_1_290' title='bbox 1023 3759 1203 3825; x_wconf 88' lang='lat' dir='ltr'>hirundines</span> <span class='ocrx_word' id='word_1_291' title='bbox 1229 3760 1362 3843; x_wconf 87' lang='lat' dir='ltr'>garrulae</span> 
     </span>
    </p>
   </div>
   <div class='ocr_carea' id='block_1_3' title="bbox 253 3978 1415 4390">
    <p class='ocr_par' dir='ltr' id='par_1_3' title="bbox 253 3978 1415 4390">
     <span class='ocr_line' id='line_1_33' title="bbox 287 3978 1415 4048; baseline 0.002 -16"><span class='ocrx_word' id='word_1_292' title='bbox 287 3978 492 4034; x_wconf 86' lang='lat' dir='ltr'>llaetornmP</span> <span class='ocrx_word' id='word_1_293' title='bbox 533 4023 536 4030; x_wconf 90' lang='grc'>.</span> <span class='ocrx_word' id='word_1_294' title='bbox 615 3978 833 4048; x_wconf 76' lang='lat' dir='ltr'>bmaotstnrqns</span> <span class='ocrx_word' id='word_1_295' title='bbox 851 3978 918 4033; x_wconf 78' lang='lat' dir='ltr'>Suc</span> <span class='ocrx_word' id='word_1_296' title='bbox 1026 3979 1069 4034; x_wconf 85' lang='lat' dir='ltr'>illi</span> <span class='ocrx_word' id='word_1_297' title='bbox 1088 3980 1177 4036; x_wconf 79' lang='lat' dir='ltr'>Sclm:</span> <span class='ocrx_word' id='word_1_298' title='bbox 1203 3980 1305 4034; x_wconf 90' lang='lat' dir='ltr'>illisP</span> <span class='ocrx_word' id='word_1_299' title='bbox 1414 4015 1415 4022; x_wconf 23' lang='grc' dir='ltr'><strong>κ</strong></span> 
     </span>
     <span class='ocr_line' id='line_1_34' title="bbox 254 4064 1361 4133; baseline -0.001 -14"><span class='ocrx_word' id='word_1_300' title='bbox 254 4065 557 4133; x_wconf 77' lang='lat' dir='ltr'>dcastissimosquaeP</span> <span class='ocrx_word' id='word_1_301' title='bbox 658 4064 971 4120; x_wconf 70' lang='lat' dir='ltr'>lfctidiusMrars-r‘ns:</span> <span class='ocrx_word' id='word_1_302' title='bbox 987 4065 1123 4120; x_wconf 81' lang='lat' dir='ltr'>infelicius</span> <span class='ocrx_word' id='word_1_303' title='bbox 1141 4067 1168 4120; x_wconf 92' lang='lat' dir='ltr'><strong><em>P</em></strong></span> <span class='ocrx_word' id='word_1_304' title='bbox 1237 4067 1304 4120; x_wconf 59' lang='grc'>,12</span> <span class='ocrx_word' id='word_1_305' title='bbox 1319 4066 1361 4120; x_wconf 85' lang='lat' dir='ltr'>cle·</span> 
     </span>
     <span class='ocr_line' id='line_1_35' title="bbox 253 4150 1361 4209; baseline 0 -5"><span class='ocrx_word' id='word_1_306' title='bbox 253 4150 342 4204; x_wconf 84' lang='lat' dir='ltr'>fantes</span> <span class='ocrx_word' id='word_1_307' title='bbox 360 4151 388 4204; x_wconf 90' lang='lat' dir='ltr'><em>P</em></span> <span class='ocrx_word' id='word_1_308' title='bbox 507 4151 541 4204; x_wconf 87' lang='lat'>14</span> <span class='ocrx_word' id='word_1_309' title='bbox 557 4151 681 4204; x_wconf 83' lang='lat' dir='ltr'>camellos</span> <span class='ocrx_word' id='word_1_310' title='bbox 699 4151 726 4204; x_wconf 90' lang='lat' dir='ltr'><strong><em>P</em></strong></span> <span class='ocrx_word' id='word_1_311' title='bbox 748 4152 775 4204; x_wconf 86' lang='lat' dir='ltr'>et</span> <span class='ocrx_word' id='word_1_312' title='bbox 799 4151 911 4204; x_wconf 87' lang='lat' dir='ltr'>camelos</span> <span class='ocrx_word' id='word_1_313' title='bbox 929 4150 984 4208; x_wconf 70' lang='lat' dir='ltr'>aar</span> <span class='ocrx_word' id='word_1_314' title='bbox 1025 4161 1028 4168; x_wconf 94' lang='grc'><strong>’</strong></span> <span class='ocrx_word' id='word_1_315' title='bbox 1102 4151 1196 4207; x_wconf 83' lang='lat' dir='ltr'>belbas</span> <span class='ocrx_word' id='word_1_316' title='bbox 1213 4153 1303 4209; x_wconf 75' lang='lat' dir='ltr'>Salem</span> <span class='ocrx_word' id='word_1_317' title='bbox 1326 4151 1361 4204; x_wconf 76' lang='lat' dir='ltr'>ba</span> 
     </span>
     <span class='ocr_line' id='line_1_36' title="bbox 253 4235 1362 4310; baseline -0.001 -21"><span class='ocrx_word' id='word_1_318' title='bbox 253 4236 349 4289; x_wconf 85' lang='lat' dir='ltr'>lucsP</span> <span class='ocrx_word' id='word_1_319' title='bbox 444 4237 482 4290; x_wconf 77' lang='lat' dir='ltr'>db</span> <span class='ocrx_word' id='word_1_320' title='bbox 493 4236 664 4290; x_wconf 88' lang='lat' dir='ltr'>immussulos</span> <span class='ocrx_word' id='word_1_321' title='bbox 678 4235 733 4290; x_wconf 81' lang='lat' dir='ltr'>Sob</span> <span class='ocrx_word' id='word_1_322' title='bbox 835 4235 1002 4292; x_wconf 84' lang='lat' dir='ltr'>buteonesP</span> <span class='ocrx_word' id='word_1_323' title='bbox 1058 4273 1061 4282; x_wconf 34' lang='grc' dir='ltr'><strong>ψ</strong></span> <span class='ocrx_word' id='word_1_324' title='bbox 1104 4239 1137 4291; x_wconf 78' lang='lat'>17</span> <span class='ocrx_word' id='word_1_325' title='bbox 1149 4239 1301 4310; x_wconf 81' lang='lat' dir='ltr'>solipungas</span> <span class='ocrx_word' id='word_1_326' title='bbox 1317 4237 1362 4292; x_wconf 81' lang='lat' dir='ltr'>Urs</span> 
     </span>
     <span class='ocr_line' id='line_1_37' title="bbox 254 4321 1361 4390; baseline 0 -16"><span class='ocrx_word' id='word_1_327' title='bbox 254 4321 389 4390; x_wconf 87' lang='lat' dir='ltr'>solipugas</span> <span class='ocrx_word' id='word_1_328' title='bbox 408 4322 570 4375; x_wconf 72' lang='lat' dir='ltr'>stewechius</span> <span class='ocrx_word' id='word_1_329' title='bbox 671 4321 885 4376; x_wconf 71' lang='lat' dir='ltr'>cacuminum..</span> <span class='ocrx_word' id='word_1_330' title='bbox 898 4322 927 4375; x_wconf 89' lang='lat' dir='ltr'><strong><em>P</em></strong></span> <span class='ocrx_word' id='word_1_331' title='bbox 966 4369 970 4375; x_wconf 93' lang='grc'><em>,</em></span> <span class='ocrx_word' id='word_1_332' title='bbox 1027 4324 1061 4378; x_wconf 81' lang='grc'>28</span> <span class='ocrx_word' id='word_1_333' title='bbox 1079 4324 1194 4380; x_wconf 80' lang='lat' dir='ltr'>oonilmn</span> <span class='ocrx_word' id='word_1_334' title='bbox 1204 4325 1361 4380; x_wconf 76' lang='lat' dir='ltr'>Hrldstron·</span> 
     </span>
    </p>
   </div>
   <div class='ocr_carea' id='block_1_4' title="bbox 254 4411 721 4480">
    <p class='ocr_par' dir='ltr' id='par_1_4' title="bbox 254 4411 721 4480">
     <span class='ocr_line' id='line_1_38' title="bbox 254 4411 721 4480; baseline -0.002 -1"><span class='ocrx_word' id='word_1_335' title='bbox 254 4424 331 4479; x_wconf 81' lang='lat' dir='ltr'>dtas:</span> <span class='ocrx_word' id='word_1_336' title='bbox 355 4424 413 4478; x_wconf 92' lang='lat' dir='ltr'>ooli.</span> <span class='ocrx_word' id='word_1_337' title='bbox 432 4411 469 4476; x_wconf 69' lang='lat' dir='ltr'>na</span> <span class='ocrx_word' id='word_1_338' title='bbox 485 4426 512 4478; x_wconf 93' lang='lat' dir='ltr'><strong><em>P</em></strong></span> <span class='ocrx_word' id='word_1_339' title='bbox 534 4425 649 4478; x_wconf 87' lang='lat' dir='ltr'>cunilam</span> <span class='ocrx_word' id='word_1_340' title='bbox 671 4423 721 4480; x_wconf 81' lang='lat' dir='ltr'>Gal</span> 
     </span>
    </p>
   </div>
   <div class='ocr_carea' id='block_1_5' title="bbox 0 0 1448 5008">
    <p class='ocr_par' dir='ltr' id='par_1_5' title="bbox 0 0 1448 5008">
     <span class='ocr_line' id='line_1_39' title="bbox 0 0 1448 5008; baseline 0 0"><span class='ocrx_word' id='word_1_341' title='bbox 0 0 1448 5008; x_wconf 95' lang='lat' dir='ltr'> </span> 
     </span>
    </p>
   </div>
  </div>
 </body>
</html>
