<?xml version="1.0" encoding="UTF-8"?>
<!DOCTYPE html PUBLIC "-//W3C//DTD XHTML 1.0 Transitional//EN"
    "http://www.w3.org/TR/xhtml1/DTD/xhtml1-transitional.dtd">
<html xmlns="http://www.w3.org/1999/xhtml" xml:lang="en" lang="en">
 <head>
  <title>
</title>
<meta http-equiv="Content-Type" content="text/html;charset=utf-8" />
  <meta name='ocr-system' content='tesseract 3.04.00' />
  <meta name='ocr-capabilities' content='ocr_page ocr_carea ocr_par ocr_line ocrx_word'/>
</head>
<body>
  <div class='ocr_page' id='page_1' title='image "./corpusscriptoru09wissgoog_0079.png"; bbox 0 0 2950 5006; ppageno 0'>
   <div class='ocr_carea' id='block_1_1' title="bbox 250 441 1062 518">
    <p class='ocr_par' dir='ltr' id='par_1_1' title="bbox 250 441 1062 518">
     <span class='ocr_line' id='line_1_1' title="bbox 250 441 1062 518; baseline 0 -18"><span class='ocrx_word' id='word_1_1' title='bbox 250 451 293 518; x_wconf 74' lang='lat'><strong>42</strong></span> <span class='ocrx_word' id='word_1_2' title='bbox 554 445 699 502; x_wconf 81' lang='lat' dir='ltr'><strong>Arnobii</strong></span> <span class='ocrx_word' id='word_1_3' title='bbox 722 445 882 502; x_wconf 85' lang='lat' dir='ltr'><strong>aduersus</strong></span> <span class='ocrx_word' id='word_1_4' title='bbox 906 441 1062 500; x_wconf 77' lang='lat' dir='ltr'><strong>nationes</strong></span> 
     </span>
    </p>
   </div>
   <div class='ocr_carea' id='block_1_2' title="bbox 165 617 1414 1732">
    <p class='ocr_par' dir='ltr' id='par_1_2' title="bbox 251 617 1377 1012">
     <span class='ocr_line' id='line_1_2' title="bbox 251 617 1377 703; baseline -0.002 -17"><span class='ocrx_word' id='word_1_5' title='bbox 251 620 431 686; x_wconf 73' lang='lat' dir='ltr'><strong>mortalium</strong></span> <span class='ocrx_word' id='word_1_6' title='bbox 463 619 564 703; x_wconf 88' lang='lat' dir='ltr'><strong>quiret</strong></span> <span class='ocrx_word' id='word_1_7' title='bbox 598 637 669 684; x_wconf 90' lang='lat' dir='ltr'><strong>eum</strong></span> <span class='ocrx_word' id='word_1_8' title='bbox 701 618 818 698; x_wconf 89' lang='lat' dir='ltr'><strong>uidere,</strong></span> <span class='ocrx_word' id='word_1_9' title='bbox 853 617 922 701; x_wconf 91' lang='lat' dir='ltr'><strong>quis</strong></span> <span class='ocrx_word' id='word_1_10' title='bbox 944 635 1078 697; x_wconf 87' lang='lat' dir='ltr'><strong>cernere,</strong></span> <span class='ocrx_word' id='word_1_11' title='bbox 1111 618 1254 684; x_wconf 76' lang='lat' dir='ltr'><strong>sitalem</strong></span> <span class='ocrx_word' id='word_1_12' title='bbox 1275 619 1377 684; x_wconf 92' lang='lat' dir='ltr'><strong>uoln-</strong></span> 
     </span>
     <span class='ocr_line' id='line_1_3' title="bbox 251 720 1376 804; baseline 0 -18"><span class='ocrx_word' id='word_1_13' title='bbox 251 722 325 788; x_wconf 81' lang='lat' dir='ltr'>isset</span> <span class='ocrx_word' id='word_1_14' title='bbox 357 721 469 786; x_wconf 90' lang='lat' dir='ltr'><strong>iulerre</strong></span> <span class='ocrx_word' id='word_1_15' title='bbox 505 739 538 786; x_wconf 90' lang='lat' dir='ltr'><strong>se</strong></span> <span class='ocrx_word' id='word_1_16' title='bbox 571 721 661 786; x_wconf 92' lang='lat' dir='ltr'><strong>terris</strong></span> <span class='ocrx_word' id='word_1_17' title='bbox 694 721 794 802; x_wconf 82' lang='lat' dir='ltr'><strong>queris</strong></span> <span class='ocrx_word' id='word_1_18' title='bbox 827 720 854 785; x_wconf 91' lang='lat' dir='ltr'><strong>ei</strong></span> <span class='ocrx_word' id='word_1_19' title='bbox 886 720 1070 804; x_wconf 78' lang='lat' dir='ltr'><strong>primigenia</strong></span> <span class='ocrx_word' id='word_1_20' title='bbox 1107 723 1218 788; x_wconf 86' lang='lat' dir='ltr'><strong>nature</strong></span> <span class='ocrx_word' id='word_1_21' title='bbox 1253 725 1299 786; x_wconf 91' lang='lat' dir='ltr'><strong>est</strong></span> <span class='ocrx_word' id='word_1_22' title='bbox 1337 725 1376 786; x_wconf 90' lang='lat' dir='ltr'><strong>et</strong></span> 
     </span>
     <span class='ocr_line' id='line_1_4' title="bbox 251 822 1374 907; baseline 0 -19"><span class='ocrx_word' id='word_1_23' title='bbox 251 825 374 907; x_wconf 86' lang='lat' dir='ltr'><strong>qualem</strong></span> <span class='ocrx_word' id='word_1_24' title='bbox 395 843 428 890; x_wconf 91' lang='lat' dir='ltr'><strong>se</strong></span> <span class='ocrx_word' id='word_1_25' title='bbox 453 825 519 907; x_wconf 91' lang='lat' dir='ltr'><strong>ipse</strong></span> <span class='ocrx_word' id='word_1_26' title='bbox 541 825 575 890; x_wconf 91' lang='lat' dir='ltr'><strong>in</strong></span> <span class='ocrx_word' id='word_1_27' title='bbox 603 843 658 889; x_wconf 84' lang='lat' dir='ltr'><strong>sue</strong></span> <span class='ocrx_word' id='word_1_28' title='bbox 685 842 750 890; x_wconf 92' lang='lat' dir='ltr'><strong>esse</strong></span> <span class='ocrx_word' id='word_1_29' title='bbox 777 825 878 890; x_wconf 92' lang='lat' dir='ltr'><strong>uoluit</strong></span> <span class='ocrx_word' id='word_1_30' title='bbox 900 824 952 892; x_wconf 88' lang='lat' dir='ltr'><strong>uel</strong></span> <span class='ocrx_word' id='word_1_31' title='bbox 974 825 1125 906; x_wconf 75' lang='lat' dir='ltr'>qualitate</span> <span class='ocrx_word' id='word_1_32' title='bbox 1146 824 1196 890; x_wconf 92' lang='lat' dir='ltr'><strong>uel</strong></span> <span class='ocrx_word' id='word_1_33' title='bbox 1217 822 1374 890; x_wconf 78' lang='lat' dir='ltr'><strong>numine?</strong></span> 
     </span>
     <span class='ocr_line' id='line_1_5' title="bbox 252 911 1374 1012; baseline 0.002 -22"><span class='ocrx_word' id='word_1_34' title='bbox 252 911 424 1010; x_wconf 77' lang='lat' dir='ltr'><strong>adsumpsit</strong></span> <span class='ocrx_word' id='word_1_35' title='bbox 444 927 543 1012; x_wconf 84' lang='lat' dir='ltr'><strong>igitur</strong></span> <span class='ocrx_word' id='word_1_36' title='bbox 564 926 696 995; x_wconf 90' lang='lat' dir='ltr'><strong>hominis</strong></span> <span class='ocrx_word' id='word_1_37' title='bbox 718 927 849 994; x_wconf 83' lang='lat' dir='ltr'><strong>formam</strong></span> <span class='ocrx_word' id='word_1_38' title='bbox 871 930 902 992; x_wconf 92' lang='lat' dir='ltr'><strong>et</strong></span> <span class='ocrx_word' id='word_1_39' title='bbox 924 927 981 992; x_wconf 92' lang='lat' dir='ltr'><strong>sub</strong></span> <span class='ocrx_word' id='word_1_40' title='bbox 1003 928 1101 992; x_wconf 75' lang='lat' dir='ltr'><strong>nostm</strong></span> <span class='ocrx_word' id='word_1_41' title='bbox 1115 927 1237 1011; x_wconf 85' lang='lat' dir='ltr'><strong>generis</strong></span> <span class='ocrx_word' id='word_1_42' title='bbox 1252 927 1374 992; x_wconf 88' lang='lat' dir='ltr'><strong>simili·</strong></span> 
     </span>
    </p>

    <p class='ocr_par' dir='ltr' id='par_1_3' title="bbox 165 1028 1414 1522">
     <span class='ocr_line' id='line_1_6' title="bbox 171 1028 1414 1114; baseline -0.006 -14"><span class='ocrx_word' id='word_1_43' title='bbox 171 1093 174 1100; x_wconf 93' lang='lat'><em>.</em></span> <span class='ocrx_word' id='word_1_44' title='bbox 215 1099 220 1108; x_wconf 69' lang='grc'><em>,</em></span> <span class='ocrx_word' id='word_1_45' title='bbox 250 1028 355 1094; x_wconf 88' lang='lat' dir='ltr'><strong>tudine</strong></span> <span class='ocrx_word' id='word_1_46' title='bbox 376 1029 544 1112; x_wconf 84' lang='lat' dir='ltr'><strong>potentiam</strong></span> <span class='ocrx_word' id='word_1_47' title='bbox 566 1047 653 1096; x_wconf 85' lang='lat' dir='ltr'><strong>suum</strong></span> <span class='ocrx_word' id='word_1_48' title='bbox 674 1030 794 1107; x_wconf 83' lang='lat' dir='ltr'><strong>clausit,</strong></span> <span class='ocrx_word' id='word_1_49' title='bbox 817 1034 853 1096; x_wconf 94' lang='lat' dir='ltr'><strong>ut</strong></span> <span class='ocrx_word' id='word_1_50' title='bbox 875 1034 906 1096; x_wconf 84' lang='lat' dir='ltr'><strong>et</strong></span> <span class='ocrx_word' id='word_1_51' title='bbox 925 1029 1023 1095; x_wconf 93' lang='lat' dir='ltr'><strong>uideri</strong></span> <span class='ocrx_word' id='word_1_52' title='bbox 1045 1034 1148 1114; x_wconf 91' lang='lat' dir='ltr'><strong>posset</strong></span> <span class='ocrx_word' id='word_1_53' title='bbox 1171 1034 1202 1096; x_wconf 92' lang='lat' dir='ltr'><strong>et</strong></span> <span class='ocrx_word' id='word_1_54' title='bbox 1224 1029 1374 1113; x_wconf 88' lang='lat' dir='ltr'><strong>conspici,</strong></span> <span class='ocrx_word' id='word_1_55' title='bbox 1399 1053 1414 1092; x_wconf 77' lang='grc' dir='ltr'>ι</span> 
     </span>
     <span class='ocr_line' id='line_1_7' title="bbox 250 1131 1374 1218; baseline 0.002 -22"><span class='ocrx_word' id='word_1_56' title='bbox 250 1132 343 1197; x_wconf 91' lang='lat' dir='ltr'><strong>uerba</strong></span> <span class='ocrx_word' id='word_1_57' title='bbox 375 1131 488 1200; x_wconf 85' lang='lat' dir='ltr'><strong>feceret</strong></span> <span class='ocrx_word' id='word_1_58' title='bbox 520 1135 551 1198; x_wconf 91' lang='lat' dir='ltr'><strong>et</strong></span> <span class='ocrx_word' id='word_1_59' title='bbox 582 1132 702 1199; x_wconf 87' lang='lat' dir='ltr'><strong>doceret</strong></span> <span class='ocrx_word' id='word_1_60' title='bbox 738 1137 829 1218; x_wconf 89' lang='lat' dir='ltr'><strong>etque</strong></span> <span class='ocrx_word' id='word_1_61' title='bbox 861 1135 962 1200; x_wconf 91' lang='lat' dir='ltr'><strong>omnis</strong></span> <span class='ocrx_word' id='word_1_62' title='bbox 994 1136 1192 1216; x_wconf 75' lang='lat' dir='ltr'>exequeretur</span> <span class='ocrx_word' id='word_1_63' title='bbox 1228 1152 1276 1198; x_wconf 89' lang='lat' dir='ltr'><strong>res</strong></span> <span class='ocrx_word' id='word_1_64' title='bbox 1313 1151 1374 1198; x_wconf 87' lang='lat' dir='ltr'><strong>eas</strong></span> 
     </span>
     <span class='ocr_line' id='line_1_8' title="bbox 165 1234 1374 1321; baseline 0.002 -23"><span class='ocrx_word' id='word_1_65' title='bbox 165 1237 373 1318; x_wconf 69' lang='lat' dir='ltr'><strong>earepropter</strong></span> <span class='ocrx_word' id='word_1_66' title='bbox 394 1255 469 1319; x_wconf 85' lang='lat' dir='ltr'><strong>quas</strong></span> <span class='ocrx_word' id='word_1_67' title='bbox 495 1234 499 1321; x_wconf 93' lang='grc' dir='ltr'>Ι</span> <span class='ocrx_word' id='word_1_68' title='bbox 524 1237 555 1302; x_wconf 94' lang='lat' dir='ltr'><strong>in</strong></span> <span class='ocrx_word' id='word_1_69' title='bbox 578 1237 729 1302; x_wconf 91' lang='lat' dir='ltr'><strong>mundum</strong></span> <span class='ocrx_word' id='word_1_70' title='bbox 751 1241 876 1304; x_wconf 88' lang='lat' dir='ltr'><strong>ueneret</strong></span> <span class='ocrx_word' id='word_1_71' title='bbox 897 1237 1050 1304; x_wconf 84' lang='lat' dir='ltr'><strong>faciendas</strong></span> <span class='ocrx_word' id='word_1_72' title='bbox 1073 1237 1189 1309; x_wconf 87' lang='lat' dir='ltr'><strong>summi</strong></span> <span class='ocrx_word' id='word_1_73' title='bbox 1208 1236 1289 1320; x_wconf 81' lang='lat' dir='ltr'><strong>regis</strong></span> <span class='ocrx_word' id='word_1_74' title='bbox 1303 1235 1374 1300; x_wconf 89' lang='lat' dir='ltr'><strong>im·</strong></span> 
     </span>
     <span class='ocr_line' id='line_1_9' title="bbox 199 1339 1374 1423; baseline -0.002 -19"><span class='ocrx_word' id='word_1_75' title='bbox 199 1341 236 1404; x_wconf 73' lang='lat' dir='ltr'><strong>tl</strong></span> <span class='ocrx_word' id='word_1_76' title='bbox 250 1339 333 1422; x_wconf 89' lang='lat' dir='ltr'><strong>perio</strong></span> <span class='ocrx_word' id='word_1_77' title='bbox 355 1341 386 1404; x_wconf 93' lang='lat' dir='ltr'><strong>et</strong></span> <span class='ocrx_word' id='word_1_78' title='bbox 415 1339 615 1423; x_wconf 86' lang='lat' dir='ltr'><strong>dispositione</strong></span> <span class='ocrx_word' id='word_1_79' title='bbox 643 1341 782 1406; x_wconf 84' lang='lat' dir='ltr'><strong>seruatis.</strong></span> <span class='ocrx_word' id='word_1_80' title='bbox 819 1341 894 1423; x_wconf 88' lang='lat' dir='ltr'><strong>quid</strong></span> <span class='ocrx_word' id='word_1_81' title='bbox 917 1341 1015 1418; x_wconf 88' lang='lat' dir='ltr'><strong>euim,</strong></span> <span class='ocrx_word' id='word_1_82' title='bbox 1038 1339 1128 1416; x_wconf 83' lang='lat' dir='ltr'><strong>dicit,</strong></span> <span class='ocrx_word' id='word_1_83' title='bbox 1152 1355 1204 1402; x_wconf 84' lang='lat' dir='ltr'><strong>rex</strong></span> <span class='ocrx_word' id='word_1_84' title='bbox 1226 1357 1374 1404; x_wconf 88' lang='lat' dir='ltr'><strong>summus</strong></span> 
     </span>
     <span class='ocr_line' id='line_1_10' title="bbox 250 1441 1374 1522; baseline -0.001 -16"><span class='ocrx_word' id='word_1_85' title='bbox 250 1459 286 1506; x_wconf 84' lang='lat' dir='ltr'><strong>es</strong></span> <span class='ocrx_word' id='word_1_86' title='bbox 307 1459 383 1522; x_wconf 87' lang='lat' dir='ltr'><strong>quse</strong></span> <span class='ocrx_word' id='word_1_87' title='bbox 404 1442 437 1506; x_wconf 90' lang='lat' dir='ltr'><strong>in</strong></span> <span class='ocrx_word' id='word_1_88' title='bbox 459 1442 572 1508; x_wconf 90' lang='lat' dir='ltr'><strong>mundo</strong></span> <span class='ocrx_word' id='word_1_89' title='bbox 594 1441 734 1508; x_wconf 85' lang='lat' dir='ltr'><strong>facienda</strong></span> <span class='ocrx_word' id='word_1_90' title='bbox 759 1461 825 1508; x_wconf 93' lang='lat' dir='ltr'><strong>esse</strong></span> <span class='ocrx_word' id='word_1_91' title='bbox 851 1443 1030 1510; x_wconf 87' lang='lat' dir='ltr'><strong>decreuerat</strong></span> <span class='ocrx_word' id='word_1_92' title='bbox 1051 1443 1119 1507; x_wconf 90' lang='lat' dir='ltr'><strong>siue</strong></span> <span class='ocrx_word' id='word_1_93' title='bbox 1132 1441 1255 1506; x_wconf 90' lang='lat' dir='ltr'><strong>homine</strong></span> <span class='ocrx_word' id='word_1_94' title='bbox 1269 1441 1374 1506; x_wconf 88' lang='lat' dir='ltr'><strong>simu-</strong></span> 
     </span>
    </p>

    <p class='ocr_par' dir='ltr' id='par_1_4' title="bbox 249 1543 1413 1732">
     <span class='ocr_line' id='line_1_11' title="bbox 249 1543 1413 1629; baseline -0.003 -21"><span class='ocrx_word' id='word_1_95' title='bbox 249 1546 313 1608; x_wconf 89' lang='lat' dir='ltr'><strong>lato</strong></span> <span class='ocrx_word' id='word_1_96' title='bbox 334 1561 393 1609; x_wconf 90' lang='lat' dir='ltr'><strong>non</strong></span> <span class='ocrx_word' id='word_1_97' title='bbox 417 1545 525 1626; x_wconf 88' lang='lat' dir='ltr'><strong>quibat</strong></span> <span class='ocrx_word' id='word_1_98' title='bbox 547 1543 687 1610; x_wconf 79' lang='lat' dir='ltr'><strong>efficere?</strong></span> <span class='ocrx_word' id='word_1_99' title='bbox 727 1546 754 1610; x_wconf 91' lang='lat' dir='ltr'><strong>si</strong></span> <span class='ocrx_word' id='word_1_100' title='bbox 776 1549 929 1629; x_wconf 85' lang='lat' dir='ltr'>oporteret</span> <span class='ocrx_word' id='word_1_101' title='bbox 950 1547 997 1610; x_wconf 84' lang='lat' dir='ltr'><strong>ite</strong></span> <span class='ocrx_word' id='word_1_102' title='bbox 1017 1545 1083 1610; x_wconf 90' lang='lat' dir='ltr'><strong>fieri</strong></span> <span class='ocrx_word' id='word_1_103' title='bbox 1106 1543 1413 1627; x_wconf 79' lang='lat' dir='ltr'><strong>quemadmodumro</strong></span> 
     </span>
     <span class='ocr_line' id='line_1_12' title="bbox 250 1646 1372 1732; baseline 0 -22"><span class='ocrx_word' id='word_1_104' title='bbox 250 1646 367 1722; x_wconf 82' lang='lat' dir='ltr'><strong>dicitis,</strong></span> <span class='ocrx_word' id='word_1_105' title='bbox 398 1647 444 1712; x_wconf 84' lang='lat' dir='ltr'><strong>ite</strong></span> <span class='ocrx_word' id='word_1_106' title='bbox 471 1646 600 1726; x_wconf 75' lang='lat' dir='ltr'><strong>sortasse</strong></span> <span class='ocrx_word' id='word_1_107' title='bbox 627 1646 765 1724; x_wconf 76' lang='lat' dir='ltr'><strong>iecisset3</strong></span> <span class='ocrx_word' id='word_1_108' title='bbox 798 1650 871 1731; x_wconf 89' lang='lat' dir='ltr'><strong>quie</strong></span> <span class='ocrx_word' id='word_1_109' title='bbox 903 1667 962 1714; x_wconf 91' lang='lat' dir='ltr'><strong>non</strong></span> <span class='ocrx_word' id='word_1_110' title='bbox 990 1647 1141 1732; x_wconf 89' lang='lat' dir='ltr'><strong>oportuit,</strong></span> <span class='ocrx_word' id='word_1_111' title='bbox 1170 1646 1261 1712; x_wconf 87' lang='lat' dir='ltr'><strong>aliter</strong></span> <span class='ocrx_word' id='word_1_112' title='bbox 1281 1646 1372 1712; x_wconf 85' lang='lat' dir='ltr'><strong>lecit.</strong></span> 
     </span>
    </p>
   </div>
   <div class='ocr_carea' id='block_1_3' title="bbox 200 1749 1413 2351">
    <p class='ocr_par' dir='ltr' id='par_1_5' title="bbox 200 1749 1413 2351">
     <span class='ocr_line' id='line_1_13' title="bbox 250 1749 1375 1840; baseline 0.002 -28"><span class='ocrx_word' id='word_1_113' title='bbox 250 1766 343 1830; x_wconf 84' lang='lat' dir='ltr'><strong>quere</strong></span> <span class='ocrx_word' id='word_1_114' title='bbox 358 1749 418 1813; x_wconf 91' lang='lat' dir='ltr'><strong>isto</strong></span> <span class='ocrx_word' id='word_1_115' title='bbox 433 1749 531 1814; x_wconf 91' lang='lat' dir='ltr'><strong>uoluit</strong></span> <span class='ocrx_word' id='word_1_116' title='bbox 547 1752 578 1814; x_wconf 89' lang='lat' dir='ltr'><strong>et</strong></span> <span class='ocrx_word' id='word_1_117' title='bbox 592 1749 647 1814; x_wconf 92' lang='lat' dir='ltr'><strong>illo</strong></span> <span class='ocrx_word' id='word_1_118' title='bbox 661 1769 772 1834; x_wconf 86' lang='lat' dir='ltr'><strong>genere</strong></span> <span class='ocrx_word' id='word_1_119' title='bbox 787 1752 895 1828; x_wconf 91' lang='lat' dir='ltr'><strong>noluit,</strong></span> <span class='ocrx_word' id='word_1_120' title='bbox 913 1752 1013 1818; x_wconf 86' lang='lat' dir='ltr'><strong>latent</strong></span> <span class='ocrx_word' id='word_1_121' title='bbox 1029 1751 1146 1835; x_wconf 83' lang='lat' dir='ltr'><strong>[aliter]</strong></span> <span class='ocrx_word' id='word_1_122' title='bbox 1163 1749 1318 1840; x_wconf 84' lang='lat' dir='ltr'><strong>inuolutae</strong></span> <span class='ocrx_word' id='word_1_123' title='bbox 1337 1751 1375 1815; x_wconf 92' lang='lat' dir='ltr'><strong>et</strong></span> 
     </span>
     <span class='ocr_line' id='line_1_14' title="bbox 249 1850 1374 1939; baseline 0.002 -25"><span class='ocrx_word' id='word_1_124' title='bbox 249 1851 301 1915; x_wconf 85' lang='lat' dir='ltr'><strong>nir</strong></span> <span class='ocrx_word' id='word_1_125' title='bbox 313 1850 386 1916; x_wconf 89' lang='lat' dir='ltr'><strong>ullis</strong></span> <span class='ocrx_word' id='word_1_126' title='bbox 400 1852 684 1935; x_wconf 76' lang='lat' dir='ltr'><strong>comprehensibiles</strong></span> <span class='ocrx_word' id='word_1_127' title='bbox 698 1873 813 1933; x_wconf 83' lang='lat' dir='ltr'><strong>censae,</strong></span> <span class='ocrx_word' id='word_1_128' title='bbox 829 1873 904 1938; x_wconf 88' lang='lat' dir='ltr'><strong>ques</strong></span> <span class='ocrx_word' id='word_1_129' title='bbox 916 1856 1051 1939; x_wconf 88' lang='lat' dir='ltr'><strong>accipere</strong></span> <span class='ocrx_word' id='word_1_130' title='bbox 1062 1854 1191 1922; x_wconf 76' lang='lat' dir='ltr'><strong>fortasse</strong></span> <span class='ocrx_word' id='word_1_131' title='bbox 1205 1853 1374 1936; x_wconf 87' lang='lat' dir='ltr'><strong>potuisses,</strong></span> 
     </span>
     <span class='ocr_line' id='line_1_15' title="bbox 250 1954 1375 2039; baseline 0.003 -22"><span class='ocrx_word' id='word_1_132' title='bbox 250 1954 276 2018; x_wconf 91' lang='lat' dir='ltr'><strong>si</strong></span> <span class='ocrx_word' id='word_1_133' title='bbox 299 1971 360 2018; x_wconf 90' lang='lat' dir='ltr'><strong>non</strong></span> <span class='ocrx_word' id='word_1_134' title='bbox 382 1973 462 2020; x_wconf 91' lang='lat' dir='ltr'><strong>esses</strong></span> <span class='ocrx_word' id='word_1_135' title='bbox 484 1955 666 2021; x_wconf 86' lang='lat' dir='ltr'><strong>iamdudum</strong></span> <span class='ocrx_word' id='word_1_136' title='bbox 688 1958 727 2022; x_wconf 86' lang='lat' dir='ltr'><strong>ad</strong></span> <span class='ocrx_word' id='word_1_137' title='bbox 749 1975 809 2022; x_wconf 90' lang='lat' dir='ltr'><strong>non</strong></span> <span class='ocrx_word' id='word_1_138' title='bbox 832 1958 1051 2039; x_wconf 81' lang='lat' dir='ltr'><strong>accipiendum</strong></span> <span class='ocrx_word' id='word_1_139' title='bbox 1071 1957 1195 2038; x_wconf 86' lang='lat' dir='ltr'><strong>paratus</strong></span> <span class='ocrx_word' id='word_1_140' title='bbox 1224 1958 1255 2020; x_wconf 94' lang='lat' dir='ltr'><strong>et</strong></span> <span class='ocrx_word' id='word_1_141' title='bbox 1282 1954 1375 2037; x_wconf 91' lang='lat' dir='ltr'><strong>prius</strong></span> 
     </span>
     <span class='ocr_line' id='line_1_16' title="bbox 250 2057 1413 2144; baseline 0.001 -24"><span class='ocrx_word' id='word_1_142' title='bbox 250 2060 281 2121; x_wconf 92' lang='lat' dir='ltr'><strong>te</strong></span> <span class='ocrx_word' id='word_1_143' title='bbox 304 2057 449 2124; x_wconf 83' lang='lat' dir='ltr'><strong>formares</strong></span> <span class='ocrx_word' id='word_1_144' title='bbox 472 2060 509 2124; x_wconf 88' lang='lat' dir='ltr'><strong>ad</strong></span> <span class='ocrx_word' id='word_1_145' title='bbox 542 2078 602 2126; x_wconf 89' lang='lat' dir='ltr'><strong>non</strong></span> <span class='ocrx_word' id='word_1_146' title='bbox 629 2062 769 2126; x_wconf 87' lang='lat' dir='ltr'><strong>credendi</strong></span> <span class='ocrx_word' id='word_1_147' title='bbox 797 2061 930 2140; x_wconf 70' lang='lat' dir='ltr'><strong>drentem</strong></span> <span class='ocrx_word' id='word_1_148' title='bbox 962 2081 1055 2144; x_wconf 89' lang='lat' dir='ltr'><strong>quam</strong></span> <span class='ocrx_word' id='word_1_149' title='bbox 1082 2060 1140 2125; x_wconf 90' lang='lat' dir='ltr'><strong>tibi</strong></span> <span class='ocrx_word' id='word_1_150' title='bbox 1169 2063 1249 2125; x_wconf 90' lang='lat' dir='ltr'><strong>esset</strong></span> <span class='ocrx_word' id='word_1_151' title='bbox 1277 2077 1413 2140; x_wconf 73' lang='lat' dir='ltr'><strong>expo-1⁵</strong></span> 
     </span>
     <span class='ocr_line' id='line_1_17' title="bbox 200 2160 1374 2246; baseline 0.003 -23"><span class='ocrx_word' id='word_1_152' title='bbox 200 2160 347 2225; x_wconf 67' lang='lat' dir='ltr'><strong>Obsitum</strong></span> <span class='ocrx_word' id='word_1_153' title='bbox 372 2162 404 2226; x_wconf 92' lang='lat' dir='ltr'><strong>id</strong></span> <span class='ocrx_word' id='word_1_154' title='bbox 436 2163 516 2245; x_wconf 91' lang='lat' dir='ltr'><strong>quod</strong></span> <span class='ocrx_word' id='word_1_155' title='bbox 545 2165 666 2230; x_wconf 89' lang='lat' dir='ltr'><strong>uouisse</strong></span> <span class='ocrx_word' id='word_1_156' title='bbox 694 2168 785 2246; x_wconf 89' lang='lat' dir='ltr'><strong>atque</strong></span> <span class='ocrx_word' id='word_1_157' title='bbox 813 2165 917 2230; x_wconf 88' lang='lat' dir='ltr'><strong>audire</strong></span> <span class='ocrx_word' id='word_1_158' title='bbox 940 2164 1103 2246; x_wconf 87' lang='lat' dir='ltr'><strong>conquiris.</strong></span> <span class='ocrx_word' id='word_1_159' title='bbox 1140 2162 1193 2227; x_wconf 93' lang='lat' dir='ltr'><strong>sed</strong></span> <span class='ocrx_word' id='word_1_160' title='bbox 1214 2179 1298 2227; x_wconf 88' lang='lat' dir='ltr'><strong>more</strong></span> <span class='ocrx_word' id='word_1_161' title='bbox 1319 2166 1374 2226; x_wconf 88' lang='lat' dir='ltr'><strong>est</strong></span> 
     </span>
     <span class='ocr_line' id='line_1_18' title="bbox 249 2264 1375 2351; baseline 0.001 -23"><span class='ocrx_word' id='word_1_162' title='bbox 249 2264 382 2344; x_wconf 87' lang='lat' dir='ltr'><strong>bominis</strong></span> <span class='ocrx_word' id='word_1_163' title='bbox 404 2266 616 2350; x_wconf 89' lang='lat' dir='ltr'><strong>interemptus.</strong></span> <span class='ocrx_word' id='word_1_164' title='bbox 653 2286 714 2332; x_wconf 91' lang='lat' dir='ltr'><strong>non</strong></span> <span class='ocrx_word' id='word_1_165' title='bbox 736 2269 818 2349; x_wconf 92' lang='lat' dir='ltr'><strong>ipse:</strong></span> <span class='ocrx_word' id='word_1_166' title='bbox 841 2269 1042 2351; x_wconf 89' lang='lat' dir='ltr'><strong>nequeenim</strong></span> <span class='ocrx_word' id='word_1_167' title='bbox 1065 2267 1170 2334; x_wconf 83' lang='lat' dir='ltr'><strong>cedere</strong></span> <span class='ocrx_word' id='word_1_168' title='bbox 1192 2266 1311 2330; x_wconf 89' lang='lat' dir='ltr'><strong>diuinas</strong></span> <span class='ocrx_word' id='word_1_169' title='bbox 1335 2267 1375 2330; x_wconf 92' lang='lat' dir='ltr'><strong>in</strong></span> 
     </span>
    </p>
   </div>
   <div class='ocr_carea' id='block_1_4' title="bbox 202 2368 1416 3175">
    <p class='ocr_par' dir='ltr' id='par_1_6' title="bbox 250 2368 1416 2762">
     <span class='ocr_line' id='line_1_19' title="bbox 250 2368 1374 2451; baseline 0.004 -21"><span class='ocrx_word' id='word_1_170' title='bbox 250 2386 298 2432; x_wconf 91' lang='lat' dir='ltr'><strong>res</strong></span> <span class='ocrx_word' id='word_1_171' title='bbox 319 2371 422 2451; x_wconf 92' lang='lat' dir='ltr'><strong>potest</strong></span> <span class='ocrx_word' id='word_1_172' title='bbox 444 2371 552 2435; x_wconf 90' lang='lat' dir='ltr'><strong>mortis</strong></span> <span class='ocrx_word' id='word_1_173' title='bbox 575 2388 698 2436; x_wconf 88' lang='lat' dir='ltr'><strong>occasus</strong></span> <span class='ocrx_word' id='word_1_174' title='bbox 721 2389 777 2436; x_wconf 88' lang='lat' dir='ltr'><strong>nec</strong></span> <span class='ocrx_word' id='word_1_175' title='bbox 797 2371 986 2436; x_wconf 88' lang='lat' dir='ltr'><strong>interitionis</strong></span> <span class='ocrx_word' id='word_1_176' title='bbox 1008 2371 1209 2436; x_wconf 85' lang='lat' dir='ltr'><strong>dissolutione</strong></span> <span class='ocrx_word' id='word_1_177' title='bbox 1223 2368 1318 2434; x_wconf 88' lang='lat' dir='ltr'><strong>dilabi</strong></span> <span class='ocrx_word' id='word_1_178' title='bbox 1335 2369 1374 2434; x_wconf 91' lang='lat' dir='ltr'><strong>id</strong></span> 
     </span>
     <span class='ocr_line' id='line_1_20' title="bbox 250 2471 1374 2556; baseline 0.001 -21"><span class='ocrx_word' id='word_1_179' title='bbox 250 2472 329 2553; x_wconf 90' lang='lat' dir='ltr'><strong>quod</strong></span> <span class='ocrx_word' id='word_1_180' title='bbox 352 2476 399 2537; x_wconf 92' lang='lat' dir='ltr'><strong>est</strong></span> <span class='ocrx_word' id='word_1_181' title='bbox 422 2491 518 2537; x_wconf 89' lang='lat' dir='ltr'><strong>unum</strong></span> <span class='ocrx_word' id='word_1_182' title='bbox 540 2479 570 2538; x_wconf 94' lang='lat' dir='ltr'><strong>et</strong></span> <span class='ocrx_word' id='word_1_183' title='bbox 592 2473 721 2556; x_wconf 81' lang='lat' dir='ltr'><strong>simplex</strong></span> <span class='ocrx_word' id='word_1_184' title='bbox 743 2491 798 2538; x_wconf 89' lang='lat' dir='ltr'><strong>neo</strong></span> <span class='ocrx_word' id='word_1_185' title='bbox 819 2473 954 2542; x_wconf 83' lang='lat' dir='ltr'><strong>ullarum</strong></span> <span class='ocrx_word' id='word_1_186' title='bbox 976 2473 1113 2556; x_wconf 83' lang='lat' dir='ltr'><strong>partium</strong></span> <span class='ocrx_word' id='word_1_187' title='bbox 1133 2471 1374 2556; x_wconf 80' lang='lat' dir='ltr'><strong>congregatione</strong></span> 
     </span>
     <span class='ocr_line' id='line_1_21' title="bbox 250 2575 1416 2659; baseline 0 -21"><span class='ocrx_word' id='word_1_188' title='bbox 250 2577 440 2657; x_wconf 85' lang='lat' dir='ltr'><strong>conpactum.</strong></span> <span class='ocrx_word' id='word_1_189' title='bbox 463 2576 532 2657; x_wconf 91' lang='lat' dir='ltr'><strong>quis</strong></span> <span class='ocrx_word' id='word_1_190' title='bbox 555 2578 601 2640; x_wconf 91' lang='lat' dir='ltr'><strong>est</strong></span> <span class='ocrx_word' id='word_1_191' title='bbox 624 2593 695 2659; x_wconf 86' lang='lat' dir='ltr'><strong>ergo</strong></span> <span class='ocrx_word' id='word_1_192' title='bbox 718 2575 804 2640; x_wconf 92' lang='lat' dir='ltr'><strong>uisus</strong></span> <span class='ocrx_word' id='word_1_193' title='bbox 826 2577 859 2640; x_wconf 90' lang='lat' dir='ltr'><strong>in</strong></span> <span class='ocrx_word' id='word_1_194' title='bbox 881 2576 1020 2659; x_wconf 82' lang='lat' dir='ltr'><strong>patibulo</strong></span> <span class='ocrx_word' id='word_1_195' title='bbox 1035 2576 1176 2658; x_wconf 83' lang='lat' dir='ltr'><strong>pendere,</strong></span> <span class='ocrx_word' id='word_1_196' title='bbox 1200 2575 1269 2658; x_wconf 91' lang='lat' dir='ltr'><strong>quis</strong></span> <span class='ocrx_word' id='word_1_197' title='bbox 1283 2592 1416 2640; x_wconf 79' lang='lat' dir='ltr'><strong>mor-so</strong></span> 
     </span>
     <span class='ocr_line' id='line_1_22' title="bbox 250 2676 1373 2762; baseline 0.001 -21"><span class='ocrx_word' id='word_1_198' title='bbox 250 2676 344 2742; x_wconf 81' lang='lat' dir='ltr'><strong>tuus?</strong></span> <span class='ocrx_word' id='word_1_199' title='bbox 382 2677 474 2742; x_wconf 91' lang='lat' dir='ltr'><strong>hemo</strong></span> <span class='ocrx_word' id='word_1_200' title='bbox 496 2697 588 2758; x_wconf 89' lang='lat' dir='ltr'><strong>quem</strong></span> <span class='ocrx_word' id='word_1_201' title='bbox 609 2678 752 2743; x_wconf 84' lang='lat' dir='ltr'><strong>indueret</strong></span> <span class='ocrx_word' id='word_1_202' title='bbox 773 2680 806 2744; x_wconf 89' lang='lat' dir='ltr'><strong>et</strong></span> <span class='ocrx_word' id='word_1_203' title='bbox 828 2696 933 2744; x_wconf 89' lang='lat' dir='ltr'><strong>secum</strong></span> <span class='ocrx_word' id='word_1_204' title='bbox 959 2679 1024 2762; x_wconf 89' lang='lat' dir='ltr'><strong>ipse</strong></span> <span class='ocrx_word' id='word_1_205' title='bbox 1047 2677 1197 2761; x_wconf 85' lang='lat' dir='ltr'><strong>portabat.</strong></span> <span class='ocrx_word' id='word_1_206' title='bbox 1235 2677 1373 2742; x_wconf 89' lang='lat' dir='ltr'><strong>incredi-</strong></span> 
     </span>
    </p>

    <p class='ocr_par' dir='ltr' id='par_1_7' title="bbox 202 2780 1414 3175">
     <span class='ocr_line' id='line_1_23' title="bbox 202 2780 1376 2868; baseline 0.002 -24"><span class='ocrx_word' id='word_1_207' title='bbox 202 2799 204 2802; x_wconf 89' lang='lat'>·</span> <span class='ocrx_word' id='word_1_208' title='bbox 249 2780 312 2845; x_wconf 92' lang='lat' dir='ltr'><strong>bile</strong></span> <span class='ocrx_word' id='word_1_209' title='bbox 334 2781 418 2846; x_wconf 88' lang='lat' dir='ltr'><strong>dictu</strong></span> <span class='ocrx_word' id='word_1_210' title='bbox 440 2782 487 2844; x_wconf 90' lang='lat' dir='ltr'><strong>est</strong></span> <span class='ocrx_word' id='word_1_211' title='bbox 510 2783 540 2845; x_wconf 92' lang='lat' dir='ltr'><strong>et</strong></span> <span class='ocrx_word' id='word_1_212' title='bbox 562 2781 659 2846; x_wconf 86' lang='lat' dir='ltr'><strong>caecis</strong></span> <span class='ocrx_word' id='word_1_213' title='bbox 681 2781 922 2868; x_wconf 77' lang='lat' dir='ltr'><strong>obscuritatibus</strong></span> <span class='ocrx_word' id='word_1_214' title='bbox 943 2781 1128 2846; x_wconf 92' lang='lat' dir='ltr'><strong>inuolutum.</strong></span> <span class='ocrx_word' id='word_1_215' title='bbox 1153 2781 1179 2846; x_wconf 92' lang='lat' dir='ltr'><strong>si</strong></span> <span class='ocrx_word' id='word_1_216' title='bbox 1194 2780 1285 2859; x_wconf 83' lang='lat' dir='ltr'><strong>uelis,</strong></span> <span class='ocrx_word' id='word_1_217' title='bbox 1307 2797 1376 2846; x_wconf 89' lang='lat' dir='ltr'><strong>non</strong></span> 
     </span>
     <span class='ocr_line' id='line_1_24' title="bbox 249 2883 1375 2966; baseline 0.003 -21"><span class='ocrx_word' id='word_1_218' title='bbox 249 2900 371 2946; x_wconf 80' lang='lat' dir='ltr'><strong>caecum</strong></span> <span class='ocrx_word' id='word_1_219' title='bbox 393 2885 439 2946; x_wconf 92' lang='lat' dir='ltr'><strong>est</strong></span> <span class='ocrx_word' id='word_1_220' title='bbox 462 2885 492 2946; x_wconf 90' lang='lat' dir='ltr'><strong>et</strong></span> <span class='ocrx_word' id='word_1_221' title='bbox 514 2883 717 2948; x_wconf 90' lang='lat' dir='ltr'><strong>similitudine</strong></span> <span class='ocrx_word' id='word_1_222' title='bbox 743 2885 881 2966; x_wconf 85' lang='lat' dir='ltr'><strong>proxime</strong></span> <span class='ocrx_word' id='word_1_223' title='bbox 908 2885 1118 2950; x_wconf 87' lang='lat' dir='ltr'><strong>constitutum.</strong></span> <span class='ocrx_word' id='word_1_224' title='bbox 1157 2884 1184 2948; x_wconf 89' lang='lat' dir='ltr'><strong>si</strong></span> <span class='ocrx_word' id='word_1_225' title='bbox 1206 2900 1265 2966; x_wconf 90' lang='lat' dir='ltr'><strong>quo</strong></span> <span class='ocrx_word' id='word_1_226' title='bbox 1287 2886 1375 2948; x_wconf 88' lang='lat' dir='ltr'><strong>tem-</strong></span> 
     </span>
     <span class='ocr_line' id='line_1_25' title="bbox 249 2983 1375 3071; baseline 0.002 -23"><span class='ocrx_word' id='word_1_227' title='bbox 249 3004 320 3067; x_wconf 92' lang='lat' dir='ltr'><strong>pore</strong></span> <span class='ocrx_word' id='word_1_228' title='bbox 343 2983 461 3068; x_wconf 84' lang='lat' dir='ltr'><strong>Sibylla</strong></span> <span class='ocrx_word' id='word_1_229' title='bbox 482 2987 656 3071; x_wconf 77' lang='lat' dir='ltr'><strong>praesagia,</strong></span> <span class='ocrx_word' id='word_1_230' title='bbox 680 2988 802 3054; x_wconf 82' lang='lat' dir='ltr'><strong>oracula</strong></span> <span class='ocrx_word' id='word_1_231' title='bbox 822 2988 879 3054; x_wconf 86' lang='lat' dir='ltr'><strong>ille</strong></span> <span class='ocrx_word' id='word_1_232' title='bbox 901 2988 1078 3070; x_wconf 85' lang='lat' dir='ltr'><strong>depromens</strong></span> <span class='ocrx_word' id='word_1_233' title='bbox 1106 2987 1256 3052; x_wconf 84' lang='lat' dir='ltr'><strong>fundebat</strong></span> <span class='ocrx_word' id='word_1_234' title='bbox 1277 2987 1310 3050; x_wconf 92' lang='lat' dir='ltr'><strong>ui</strong></span> <span class='ocrx_word' id='word_1_235' title='bbox 1333 2991 1375 3051; x_wconf 90' lang='lat' dir='ltr'><strong>ut</strong></span> 
     </span>
     <span class='ocr_line' id='line_1_26' title="bbox 249 3087 1414 3175; baseline 0.005 -23"><span class='ocrx_word' id='word_1_236' title='bbox 249 3087 353 3164; x_wconf 84' lang='lat' dir='ltr'><strong>dicitis</strong></span> <span class='ocrx_word' id='word_1_237' title='bbox 374 3087 529 3169; x_wconf 82' lang='lat' dir='ltr'><strong>Apollinis</strong></span> <span class='ocrx_word' id='word_1_238' title='bbox 551 3089 650 3171; x_wconf 82' lang='lat' dir='ltr'><strong>plena,</strong></span> <span class='ocrx_word' id='word_1_239' title='bbox 673 3091 712 3156; x_wconf 87' lang='lat' dir='ltr'><strong>sb</strong></span> <span class='ocrx_word' id='word_1_240' title='bbox 733 3092 841 3175; x_wconf 89' lang='lat' dir='ltr'><strong>impiis</strong></span> <span class='ocrx_word' id='word_1_241' title='bbox 861 3098 941 3156; x_wconf 88' lang='lat' dir='ltr'><strong>esset</strong></span> <span class='ocrx_word' id='word_1_242' title='bbox 964 3109 1049 3156; x_wconf 85' lang='lat' dir='ltr'><strong>cessa</strong></span> <span class='ocrx_word' id='word_1_243' title='bbox 1071 3095 1162 3173; x_wconf 87' lang='lat' dir='ltr'><strong>atque</strong></span> <span class='ocrx_word' id='word_1_244' title='bbox 1184 3089 1414 3170; x_wconf 68' lang='lat' dir='ltr'><strong>interemptas</strong></span> 
     </span>
    </p>
   </div>
   <div class='ocr_carea' id='block_1_5' title="bbox 199 3427 1378 4359">
    <p class='ocr_par' dir='ltr' id='par_1_8' title="bbox 199 3427 1378 4359">
     <span class='ocr_line' id='line_1_27' title="bbox 284 3427 1375 3498; baseline 0.003 -16"><span class='ocrx_word' id='word_1_245' title='bbox 284 3427 365 3497; x_wconf 88' lang='lat' dir='ltr'><strong>lqui</strong></span> <span class='ocrx_word' id='word_1_246' title='bbox 382 3430 474 3496; x_wconf 77' lang='lat' dir='ltr'><strong>queret</strong></span> <span class='ocrx_word' id='word_1_247' title='bbox 491 3444 505 3482; x_wconf 88' lang='lat' dir='ltr'><strong>c</strong></span> <span class='ocrx_word' id='word_1_248' title='bbox 521 3429 567 3498; x_wconf 88' lang='lat' dir='ltr'><strong>qni</strong></span> <span class='ocrx_word' id='word_1_249' title='bbox 584 3431 705 3498; x_wconf 73' lang='lat' dir='ltr'><strong>quereret</strong></span> <span class='ocrx_word' id='word_1_250' title='bbox 722 3431 753 3496; x_wconf 64' lang='grc' dir='ltr'><strong>ε’,</strong></span> <span class='ocrx_word' id='word_1_251' title='bbox 772 3429 827 3484; x_wconf 82' lang='lat' dir='ltr'><strong>Sub</strong></span> <span class='ocrx_word' id='word_1_252' title='bbox 940 3429 1085 3486; x_wconf 73' lang='lat' dir='ltr'><strong>2iulerre·</strong></span> <span class='ocrx_word' id='word_1_253' title='bbox 1103 3430 1132 3482; x_wconf 91' lang='lat' dir='ltr'><em>P</em></span> <span class='ocrx_word' id='word_1_254' title='bbox 1243 3428 1375 3485; x_wconf 84' lang='lat' dir='ltr'><strong>3uoluit</strong></span> 
     </span>
     <span class='ocr_line' id='line_1_28' title="bbox 248 3514 1301 3586; baseline 0.001 -18"><span class='ocrx_word' id='word_1_255' title='bbox 248 3514 293 3568; x_wconf 78' lang='lat' dir='ltr'><strong>sel</strong></span> <span class='ocrx_word' id='word_1_256' title='bbox 309 3514 385 3568; x_wconf 90' lang='lat' dir='ltr'><strong>uouit</strong></span> <span class='ocrx_word' id='word_1_257' title='bbox 406 3514 473 3569; x_wconf 82' lang='lat' dir='ltr'><strong>Ure.-</strong></span> <span class='ocrx_word' id='word_1_258' title='bbox 498 3515 586 3568; x_wconf 89' lang='lat' dir='ltr'><strong>noluit</strong></span> <span class='ocrx_word' id='word_1_259' title='bbox 603 3515 631 3568; x_wconf 93' lang='lat' dir='ltr'><strong><em>P</em></strong></span> <span class='ocrx_word' id='word_1_260' title='bbox 765 3516 781 3570; x_wconf 89' lang='grc'><strong>6</strong></span> <span class='ocrx_word' id='word_1_261' title='bbox 799 3515 884 3584; x_wconf 89' lang='lat' dir='ltr'><strong>adque</strong></span> <span class='ocrx_word' id='word_1_262' title='bbox 902 3516 929 3568; x_wconf 89' lang='lat' dir='ltr'><strong><em>P</em></strong></span> <span class='ocrx_word' id='word_1_263' title='bbox 945 3531 1007 3568; x_wconf 81' lang='lat' dir='ltr'><strong>corr</strong></span> <span class='ocrx_word' id='word_1_264' title='bbox 1142 3516 1158 3569; x_wconf 81' lang='lat'>7</span> <span class='ocrx_word' id='word_1_265' title='bbox 1177 3531 1255 3586; x_wconf 65' lang='lat' dir='ltr'><strong>ques*</strong></span> <span class='ocrx_word' id='word_1_266' title='bbox 1273 3517 1301 3569; x_wconf 90' lang='lat' dir='ltr'><em>P</em></span> 
     </span>
     <span class='ocr_line' id='line_1_29' title="bbox 249 3599 1378 3672; baseline 0.002 -18"><span class='ocrx_word' id='word_1_267' title='bbox 249 3599 396 3654; x_wconf 80' lang='lat' dir='ltr'><strong>Seerustis</strong></span> <span class='ocrx_word' id='word_1_268' title='bbox 416 3599 480 3654; x_wconf 78' lang='lat' dir='ltr'><strong>Gel:</strong></span> <span class='ocrx_word' id='word_1_269' title='bbox 509 3603 631 3656; x_wconf 78' lang='lat' dir='ltr'><strong>seruatus</strong></span> <span class='ocrx_word' id='word_1_270' title='bbox 649 3601 677 3654; x_wconf 93' lang='lat' dir='ltr'><strong><em>P</em></strong></span> <span class='ocrx_word' id='word_1_271' title='bbox 791 3601 873 3654; x_wconf 90' lang='lat' dir='ltr'><strong>dicite</strong></span> <span class='ocrx_word' id='word_1_272' title='bbox 891 3599 946 3654; x_wconf 80' lang='lat' dir='ltr'><strong>sae</strong></span> <span class='ocrx_word' id='word_1_273' title='bbox 964 3599 1054 3654; x_wconf 88' lang='lat' dir='ltr'><strong>dicitis</strong></span> <span class='ocrx_word' id='word_1_274' title='bbox 1074 3601 1125 3655; x_wconf 75' lang='lat' dir='ltr'><strong>cer</strong></span> <span class='ocrx_word' id='word_1_275' title='bbox 1238 3602 1322 3672; x_wconf 80' lang='lat' dir='ltr'><strong>aque</strong></span> <span class='ocrx_word' id='word_1_276' title='bbox 1344 3603 1378 3656; x_wconf 94' lang='lat' dir='ltr'><strong><em>P</em></strong></span> 
     </span>
     <span class='ocr_line' id='line_1_30' title="bbox 249 3685 1376 3756; baseline -0.001 -16"><span class='ocrx_word' id='word_1_277' title='bbox 249 3701 310 3740; x_wconf 85' lang='lat' dir='ltr'><strong>corr</strong></span> <span class='ocrx_word' id='word_1_278' title='bbox 328 3689 350 3740; x_wconf 78' lang='lat' dir='ltr'><strong>o&#39;</strong></span> <span class='ocrx_word' id='word_1_279' title='bbox 464 3687 496 3738; x_wconf 92' lang='lat' dir='ltr'><strong>ll</strong></span> <span class='ocrx_word' id='word_1_280' title='bbox 514 3687 569 3740; x_wconf 86' lang='lat' dir='ltr'><strong>iste</strong></span> <span class='ocrx_word' id='word_1_281' title='bbox 587 3686 641 3739; x_wconf 82' lang='lat' dir='ltr'><strong>Sub</strong></span> <span class='ocrx_word' id='word_1_282' title='bbox 760 3687 847 3740; x_wconf 87' lang='lat' dir='ltr'><strong>latent</strong></span> <span class='ocrx_word' id='word_1_283' title='bbox 866 3685 964 3755; x_wconf 86' lang='lat' dir='ltr'><strong>[aliter]</strong></span> <span class='ocrx_word' id='word_1_284' title='bbox 983 3687 1178 3753; x_wconf 74' lang='lat' dir='ltr'><strong>Hoffmannoe</strong></span> <span class='ocrx_word' id='word_1_285' title='bbox 1195 3693 1221 3741; x_wconf 85' lang='lat' dir='ltr'><strong>et</strong></span> <span class='ocrx_word' id='word_1_286' title='bbox 1238 3687 1376 3756; x_wconf 75' lang='lat' dir='ltr'><strong>Heeyieee:</strong></span> 
     </span>
     <span class='ocr_line' id='line_1_31' title="bbox 249 3771 1375 3828; baseline 0 0"><span class='ocrx_word' id='word_1_287' title='bbox 249 3773 335 3828; x_wconf 75' lang='lat' dir='ltr'><strong>luteum</strong></span> <span class='ocrx_word' id='word_1_288' title='bbox 347 3772 425 3825; x_wconf 86' lang='lat' dir='ltr'><strong>eliter</strong></span> <span class='ocrx_word' id='word_1_289' title='bbox 436 3773 465 3825; x_wconf 95' lang='lat' dir='ltr'><strong><em>P</em></strong></span> <span class='ocrx_word' id='word_1_290' title='bbox 479 3772 596 3826; x_wconf 89' lang='lat' dir='ltr'><strong>latenter</strong></span> <span class='ocrx_word' id='word_1_291' title='bbox 608 3773 664 3826; x_wconf 81' lang='lat' dir='ltr'><strong>Sub</strong></span> <span class='ocrx_word' id='word_1_292' title='bbox 675 3772 764 3826; x_wconf 88' lang='lat' dir='ltr'><strong>letent</strong></span> <span class='ocrx_word' id='word_1_293' title='bbox 775 3771 867 3828; x_wconf 76' lang='lat' dir='ltr'><strong>taliter</strong></span> <span class='ocrx_word' id='word_1_294' title='bbox 878 3772 1019 3827; x_wconf 80' lang='lat' dir='ltr'><strong>Meoretue</strong></span> <span class='ocrx_word' id='word_1_295' title='bbox 1035 3772 1123 3828; x_wconf 66' lang='lat' dir='ltr'><strong>latest</strong></span> <span class='ocrx_word' id='word_1_296' title='bbox 1134 3773 1255 3828; x_wconf 81' lang='lat' dir='ltr'><strong>fataliter</strong></span> <span class='ocrx_word' id='word_1_297' title='bbox 1266 3772 1375 3828; x_wconf 75' lang='lat' dir='ltr'><strong>Kloss-</strong></span> 
     </span>
     <span class='ocr_line' id='line_1_32' title="bbox 249 3857 1375 3926; baseline -0.002 -12"><span class='ocrx_word' id='word_1_298' title='bbox 249 3874 368 3914; x_wconf 78' lang='lat' dir='ltr'><strong>mnrmus</strong></span> <span class='ocrx_word' id='word_1_299' title='bbox 462 3857 624 3912; x_wconf 67' lang='lat' dir='ltr'><strong>marlidee</strong></span> <span class='ocrx_word' id='word_1_300' title='bbox 726 3860 847 3926; x_wconf 90' lang='lat' dir='ltr'><strong>potusses</strong></span> <span class='ocrx_word' id='word_1_301' title='bbox 865 3858 998 3912; x_wconf 67' lang='grc' dir='ltr'><strong>Ροοτιο4</strong></span> <span class='ocrx_word' id='word_1_302' title='bbox 1101 3859 1134 3913; x_wconf 89' lang='grc'><strong>16</strong></span> <span class='ocrx_word' id='word_1_303' title='bbox 1151 3857 1375 3914; x_wconf 74' lang='lat' dir='ltr'><strong>nouisseHilde-</strong></span> 
     </span>
     <span class='ocr_line' id='line_1_33' title="bbox 250 3943 1377 4013; baseline -0.003 -13"><span class='ocrx_word' id='word_1_304' title='bbox 250 3945 466 4000; x_wconf 62' lang='lat' dir='ltr'><strong>bmdtaeemn</strong></span> <span class='ocrx_word' id='word_1_305' title='bbox 483 3959 538 3997; x_wconf 87' lang='lat' dir='ltr'><strong>esse</strong></span> <span class='ocrx_word' id='word_1_306' title='bbox 555 3945 583 3997; x_wconf 95' lang='lat' dir='ltr'><strong><em>P</em></strong></span> <span class='ocrx_word' id='word_1_307' title='bbox 599 3959 677 3998; x_wconf 88' lang='lat' dir='ltr'><strong>nosse</strong></span> <span class='ocrx_word' id='word_1_308' title='bbox 699 3943 749 3998; x_wconf 82' lang='lat' dir='ltr'><strong>tlel</strong></span> <span class='ocrx_word' id='word_1_309' title='bbox 851 3943 1045 4011; x_wconf 82' lang='lat' dir='ltr'><strong>adquePcorr</strong></span> <span class='ocrx_word' id='word_1_310' title='bbox 1146 3943 1278 4013; x_wconf 86' lang='lat' dir='ltr'><strong>conquiris</strong></span> <span class='ocrx_word' id='word_1_311' title='bbox 1301 3943 1377 3999; x_wconf 81' lang='lat' dir='ltr'><strong>Ure.-</strong></span> 
     </span>
     <span class='ocr_line' id='line_1_34' title="bbox 249 4029 1301 4098; baseline 0 -14"><span class='ocrx_word' id='word_1_312' title='bbox 249 4029 453 4098; x_wconf 90' lang='lat' dir='ltr'><strong>oonquireresP</strong></span> <span class='ocrx_word' id='word_1_313' title='bbox 547 4029 713 4083; x_wconf 79' lang='lat' dir='ltr'><strong>20mcrtuus</strong></span> <span class='ocrx_word' id='word_1_314' title='bbox 726 4031 767 4082; x_wconf 89' lang='lat' dir='ltr'><strong>est</strong></span> <span class='ocrx_word' id='word_1_315' title='bbox 780 4029 835 4084; x_wconf 76' lang='lat' dir='ltr'><strong>Sale</strong></span> <span class='ocrx_word' id='word_1_316' title='bbox 938 4030 973 4084; x_wconf 87' lang='grc'><strong>22</strong></span> <span class='ocrx_word' id='word_1_317' title='bbox 986 4030 1059 4085; x_wconf 89' lang='lat' dir='ltr'><strong>dictu</strong></span> <span class='ocrx_word' id='word_1_318' title='bbox 1076 4031 1141 4085; x_wconf 85' lang='lat' dir='ltr'><strong>Ure:</strong></span> <span class='ocrx_word' id='word_1_319' title='bbox 1159 4030 1301 4086; x_wconf 88' lang='lat' dir='ltr'><strong>dictumP</strong></span> 
     </span>
     <span class='ocr_line' id='line_1_35' title="bbox 249 4106 1376 4184; baseline 0.003 -16"><span class='ocrx_word' id='word_1_320' title='bbox 249 4115 283 4169; x_wconf 87' lang='grc'><strong>23</strong></span> <span class='ocrx_word' id='word_1_321' title='bbox 301 4114 477 4169; x_wconf 88' lang='lat' dir='ltr'><strong>similitudine</strong></span> <span class='ocrx_word' id='word_1_322' title='bbox 494 4115 613 4184; x_wconf 82' lang='lat' dir='ltr'><strong>proximu</strong></span> <span class='ocrx_word' id='word_1_323' title='bbox 631 4106 720 4167; x_wconf 82' lang='lat' dir='ltr'><strong>Salm:</strong></span> <span class='ocrx_word' id='word_1_324' title='bbox 738 4113 916 4169; x_wconf 86' lang='lat' dir='ltr'><strong>similitudine</strong></span> <span class='ocrx_word' id='word_1_325' title='bbox 934 4116 1053 4184; x_wconf 85' lang='lat' dir='ltr'><strong>proxime</strong></span> <span class='ocrx_word' id='word_1_326' title='bbox 1072 4117 1099 4170; x_wconf 95' lang='lat' dir='ltr'><strong><em>P</em></strong></span> <span class='ocrx_word' id='word_1_327' title='bbox 1116 4115 1291 4170; x_wconf 88' lang='lat' dir='ltr'><strong>similitudini</strong></span> <span class='ocrx_word' id='word_1_328' title='bbox 1307 4131 1376 4184; x_wconf 86' lang='lat' dir='ltr'><strong>pro·</strong></span> 
     </span>
     <span class='ocr_line' id='line_1_36' title="bbox 199 4199 1367 4272; baseline 0.002 -18"><span class='ocrx_word' id='word_1_329' title='bbox 199 4201 318 4256; x_wconf 83' lang='lat' dir='ltr'><strong>&#39;xime</strong></span> <span class='ocrx_word' id='word_1_330' title='bbox 333 4201 391 4254; x_wconf 50' lang='lat' dir='ltr'><strong>¹Sub</strong></span> <span class='ocrx_word' id='word_1_331' title='bbox 492 4201 526 4254; x_wconf 87' lang='grc'><strong>24</strong></span> <span class='ocrx_word' id='word_1_332' title='bbox 543 4199 642 4268; x_wconf 86' lang='lat' dir='ltr'><strong>sybilla</strong></span> <span class='ocrx_word' id='word_1_333' title='bbox 660 4199 687 4254; x_wconf 94' lang='lat' dir='ltr'><strong><em>P</em></strong></span> <span class='ocrx_word' id='word_1_334' title='bbox 789 4199 892 4269; x_wconf 76' lang='lat' dir='ltr'><strong>Sibylla</strong></span> <span class='ocrx_word' id='word_1_335' title='bbox 910 4217 1044 4272; x_wconf 77' lang='lat' dir='ltr'><strong>praesaga,</strong></span> <span class='ocrx_word' id='word_1_336' title='bbox 1062 4201 1169 4256; x_wconf 85' lang='lat' dir='ltr'><strong>oracula</strong></span> <span class='ocrx_word' id='word_1_337' title='bbox 1188 4201 1239 4258; x_wconf 75' lang='lat' dir='ltr'><strong>ser</strong></span> <span class='ocrx_word' id='word_1_338' title='bbox 1256 4200 1367 4271; x_wconf 79' lang='lat' dir='ltr'><strong>Sibylla</strong></span> 
     </span>
     <span class='ocr_line' id='line_1_37' title="bbox 250 4287 597 4359; baseline -0.003 -19"><span class='ocrx_word' id='word_1_339' title='bbox 250 4303 380 4359; x_wconf 83' lang='lat' dir='ltr'><strong>praesaga</strong></span> <span class='ocrx_word' id='word_1_340' title='bbox 396 4287 503 4340; x_wconf 79' lang='lat' dir='ltr'><strong>oracula</strong></span> <span class='ocrx_word' id='word_1_341' title='bbox 521 4287 597 4340; x_wconf 86' lang='lat' dir='ltr'><strong>Salm</strong></span> 
     </span>
    </p>
   </div>
   <div class='ocr_carea' id='block_1_6' title="bbox 0 0 1480 4996">
    <p class='ocr_par' dir='ltr' id='par_1_9' title="bbox 0 0 1480 4996">
     <span class='ocr_line' id='line_1_38' title="bbox 0 0 1480 4996; baseline 0 0"><span class='ocrx_word' id='word_1_342' title='bbox 0 0 1480 4996; x_wconf 95' lang='lat' dir='ltr'><strong> </strong></span> 
     </span>
    </p>
   </div>
  </div>
 </body>
</html>
