2888 5008
251 461 314 529 282
559 457 700 518 Arretii
721 459 878 513 aduersus
898 456 1054 512 nationes

249 636 286 698 ut
308 635 432 698 omnino
465 650 569 700 omnes
598 649 703 698 causas
732 631 843 714 quibus
864 629 1040 712 pestilentia
1061 629 1254 696 condebatur
1278 648 1370 694 auer-

250 737 345 816 teret,
375 737 558 819 sequebatur
587 737 622 801 ut
651 733 762 800 ciuitas
791 733 907 799 intecta
932 751 998 799 esse
1026 732 1150 799 deberet
1176 732 1324 815 flatuque
1353 751 1370 797 a

250 838 337 905 noxio
360 839 496 905 inmunis
519 855 637 921 semper
663 838 853 919 innocueque
880 837 1038 920 praestari.
1078 836 1185 919 atquin
1208 836 1369 914 uidemus,

251 943 287 1006 ut
308 941 446 1025 superius
474 942 592 1008 dictum
623 942 684 1021 est,
715 958 931 1022 saepenumero
956 939 1005 1005 bis
1026 940 1142 1006 morbis
1164 959 1278 1005 cursus
1302 958 1371 1005 eam

251 1044 333 1110 nitas
354 1043 498 1111 habuisse
520 1043 657 1110 funestos
680 1061 735 1110 nec
758 1041 923 1126 dispendiis
945 1042 1065 1108 leuibus
1079 1061 1144 1110 esso
1157 1043 1270 1126 populi
1287 1041 1369 1109 ireo-
1394 1065 1403 1100 ε

251 1149 298 1214 tas
319 1147 557 1230 debilitatasque
578 1147 719 1213 uirtutes.
753 1146 808 1213 ubi
830 1163 902 1231 ergo
917 1145 1119 1230 Aesculapius
1140 1146 1212 1230 luit,
1236 1144 1297 1213 ubi
1319 1147 1373 1210 ille

250 1250 418 1334 promissus
441 1250 572 1316 oraculis
595 1249 843 1316 uenerabilibus?
864 1267 917 1314 cur
935 1248 1051 1331 templa
1064 1248 1135 1332 post
1148 1247 1278 1314 condita
1294 1247 1371 1313 sibi-

251 1372 308 1436 que
324 1353 518 1421 exaedificata
533 1352 660 1419 delubra
676 1352 793 1418 diutius
809 1352 910 1418 editus
925 1351 1037 1418 hebere
1051 1370 1211 1434 perpessus
1226 1351 1279 1416 est
1294 1352 1372 1416 benc

252 1456 380 1523 mentae
402 1456 540 1524 ciuitatis
562 1456 661 1536 luem,
694 1474 763 1521 cum
785 1455 872 1520 inid
894 1456 974 1520 esset
994 1455 1130 1534 adcitus,
1157 1456 1192 1520 ut
1215 1455 1248 1518 st
1272 1455 1368 1519 melis

252 1560 425 1626 mederetur
445 1559 632 1626 instantibus
654 1578 709 1626 nec
730 1560 812 1624 siner
828 1559 843 1622 t
863 1559 896 1624 in
916 1558 1056 1624 futurum
1071 1558 1134 1624 tale
1147 1557 1271 1639 aliquid
1288 1557 1402 1639 quode

203 1663 241 1723 lb
251 1661 439 1730 metueretur
472 1662 630 1744 inrepere?
663 1662 724 1728 uisi
753 1661 831 1726 forte
860 1661 973 1744 aliquis
1003 1660 1100 1740 dicct,
1129 1659 1308 1726 minoribns
1339 1661 1370 1724 et

253 1765 503 1846 consequentibus
532 1763 661 1830 saeculis
690 1765 802 1830 idcireo
831 1764 882 1830 dei
909 1764 983 1830 telis
1015 1763 1149 1829 defuisse
1179 1762 1370 1841 custodiam,

251 1867 331 1948 quod
360 1867 464 1950 impiis
493 1867 555 1932 iam
585 1867 721 1934 moribus
744 1869 776 1932 et
796 1867 1039 1949 inprobabilibus
1067 1867 1241 1945 uiuerotur,
1274 1883 1369 1950 opem

251 1971 355 2037 eutem
382 1971 549 2037 contulisse
576 1971 758 2050 maioribus,
788 1971 869 2054 quod
889 1971 1004 2036 innoxii
1025 1971 1143 2036 iruerint
1165 1971 1197 2035 st
1218 1971 1257 2036 ab
1284 1971 1371 2036 omni

251 2071 398 2138 scelerum
420 2074 599 2158 contagione
619 2073 738 2140 dimoti.
772 2073 853 2155 quod
874 2073 992 2138 ratione
1011 2091 1082 2138 curn
1096 2072 1200 2155 eliqua
1215 2077 1247 2138 et
1262 2071 1403 2141 audiris

150 2181 169 2233 f.
181 2173 389 2240 rooblorsitam
410 2176 560 2257 potuisset
582 2177 614 2241 et
635 2175 705 2255 dici,
729 2177 756 2241 si
777 2177 832 2241 eut
845 2175 878 2242 in
892 2175 1082 2260 temporibus
1099 2175 1104 2260 Ι
1122 2175 1232 2258 priscis
1257 2194 1371 2241 omnes

252 2280 351 2343 essent
372 2297 468 2361 usque
489 2278 528 2343 ed
550 2297 645 2342 unum
667 2279 739 2345 boni
760 2280 815 2345 aut
836 2279 993 2362 sequentia
1015 2282 1154 2362 tempore
1176 2279 1279 2344 melos
1301 2297 1371 2344 orn-

251 2398 304 2444 nes
333 2385 511 2464 generarent
542 2383 573 2446 et
602 2381 688 2447 nulle
716 2381 895 2448 diuersitate
923 2383 1079 2448 discretos.
1112 2401 1183 2449 cum
1211 2401 1289 2448 uero
1321 2403 1370 2449 res

251 2483 296 2547 ite
318 2483 368 2562 sit,
392 2484 428 2548 ut
449 2485 482 2548 in
503 2485 625 2569 maguis
639 2483 770 2566 populis,
794 2484 979 2561 nationibus,
1001 2485 1171 2567 quinimmo
1186 2486 1218 2550 et
1231 2486 1266 2550 in
1283 2487 1366 2552 ciui·
1438 2521 1439 2542 ÷

251 2585 368 2650 tatibus
397 2586 516 2652 cunctis
545 2587 677 2652 mixtum
704 2587 745 2652 sit
772 2587 941 2653 humanum
975 2606 1071 2672 genus
1101 2588 1219 2656 naturis
1249 2582 1402 2658 colun-io

250 2687 366 2753 tatibus
387 2688 523 2754 moribus
545 2691 669 2772 bneque
695 2690 852 2771 potuerint
873 2690 906 2754 in
932 2689 1085 2774 prioribus
1111 2689 1240 2756 seecan
1269 2711 1371 2775 quam

250 2792 283 2855 in
303 2791 434 2858 nouollis
455 2792 608 2859 aetatibus
630 2791 701 2858 boni
716 2793 811 2858 simul
825 2793 959 2875 malique
973 2791 1111 2872 existere,
1134 2795 1270 2858 stultum
1287 2796 1367 2860 satis

251 2895 298 2958 est
326 2893 438 2974 dicere,
475 2896 600 2977 propter
634 2895 773 2960 malitias
801 2895 937 2978 posteros
966 2894 1081 2960 auxilia
1111 2895 1276 2961 numinum
1308 2914 1369 2961 non

252 2996 399 3062 meruisse
426 2999 579 3064 mortales.
612 2999 639 3062 si
661 2997 745 3063 enim
771 3001 894 3081 propter
920 2997 1019 3064 malos
1040 2998 1233 3080 sequentium
1255 3018 1370 3066 saecu-

251 3099 351 3162 lorum
372 3099 445 3165 boni
467 3119 526 3166 uon
547 3104 619 3165 sunt
641 3100 773 3183 protecti
786 3103 959 3184 temporum
974 3101 1174 3179 nouellorum,
1193 3103 1225 3166 et
1240 3105 1399 3186 proptera
1437 3125 1438 3147 ¹

252 3201 394 3283 antiquos
429 3203 526 3268 melos
561 3202 633 3268 boni
664 3221 760 3285 ecque
792 3203 922 3269 maiores
955 3220 1016 3269 non
1048 3203 1217 3270 debuerant
1250 3207 1369 3270 mereri

251 3304 491 3370 beniuolentiam
512 3306 693 3372 numinum:
714 3305 764 3370 sin
785 3307 909 3388 propter
929 3306 1024 3373 bonos
1044 3306 1159 3390 priscos
1174 3307 1251 3372 mali
1266 3308 1368 3374 etiem

252 3409 421 3474 conseruati
447 3410 519 3474 sunt
546 3409 653 3492 prisci,
683 3413 714 3474 et
735 3412 860 3493 propter
881 3409 974 3475 bonos
996 3412 1127 3476 minores
1149 3414 1232 3476 cotes
1255 3410 1368 3477 debuit

252 3529 394 3594 sequens,
425 3512 567 3594 quemuis
596 3514 677 3578 essct
705 3512 921 3594 inprobebilis,
951 3514 1080 3598 protegi.
1115 3516 1169 3580 aut
1197 3531 1269 3598 ergo
1301 3518 1369 3581 iam

251 3614 349 3680 fracta
376 3615 468 3696 etque
496 3615 651 3680 inminuto
679 3615 712 3680 ui
741 3615 840 3680 morbi
870 3615 980 3700 anguis
1012 3615 1067 3682 ills
1088 3617 1226 3701 perlatus
1246 3617 1399 3686 remens
1435 3621 1436 3684 l

251 3719 470 3808 conseruatoris
492 3719 677 3800 adsumpsit,
700 3738 770 3785 cum
793 3718 872 3784 nihil
893 3719 1014 3784 omnino
1034 3721 1263 3787 commoditatis
1277 3725 1370 3789 attu·

286 3957 300 4010 1
319 3971 408 4011 omnes
426 3956 454 4010 P
561 3957 729 4026 pestilentiae
745 3957 772 4010 P
883 3958 900 4011 3
918 3958 1016 4027 adquin
1033 3958 1061 4012 P
1077 3973 1139 4014 corr
1240 3960 1369 4014 Sedibus

252 4041 350 4098 addidi
479 4040 569 4097 haberi
586 4041 662 4098 Sutm
795 4045 836 4096 ost
853 4043 923 4098 seo:
940 4045 966 4097 et
983 4044 1011 4098 P
1137 4045 1156 4099 9
1173 4043 1282 4099 meritas
1303 4047 1369 4100 cini·

252 4131 320 4183 tates
338 4129 392 4184 Sob
520 4130 553 4184 12
569 4128 683 4184 idicirco
702 4129 729 4182 P
855 4129 889 4183 16
905 4128 1017 4184 forsitan
1029 4147 1044 4184 e
1060 4129 1185 4185 forsitam
1197 4145 1259 4187 corr
1270 4131 1300 4185 P

251 4216 299 4268 aut
315 4214 345 4268 iu
357 4214 446 4271 Sutor:
464 4218 553 4270 entem
565 4215 593 4268 P
608 4216 655 4269 aut
673 4214 762 4281 Sabo
863 4214 897 4270 18
914 4219 1070 4285 generarent
1088 4216 1143 4272 Sub
1160 4218 1192 4272 e'c
1209 4233 1269 4272 err.-
1286 4234 1369 4288 gene·
1433 4271 1434 4278 ,

146 4369 148 4378 y
251 4303 311 4354 rent
322 4301 350 4354 P
427 4299 659 4356 reumatismo
739 4299 776 4352 24
785 4300 969 4368 sasquentium
981 4302 1009 4355 P
1087 4302 1122 4356 26
1133 4319 1230 4358 merere
1241 4302 1301 4358 uec
1433 4293 1434 4308 ³

251 4386 284 4440 27
302 4385 340 4440 s¹n
357 4386 384 4439 P
484 4386 518 4440 29
535 4389 621 4440 essent
637 4383 815 4454 improbabiles
838 4385 853 4438 3
953 4386 988 4441 30
1005 4388 1089 4442 morbi
1107 4388 1177 4443 Sob:
1194 4387 1253 4442 urbi
1271 4389 1303 4442 P
