2888 5008
526 499 531 506 ’
561 487 665 542 Liber
688 487 720 542 V.
1137 489 1197 554 19⁵1

75 656 243 739 adquirere
264 657 379 742 generi,
400 661 468 724 tum
486 660 623 744 longiore
645 660 684 725 ab
705 659 824 726 incuria
843 659 963 739 liberat,
986 659 1063 724 facit
1078 678 1198 726 sumero

75 758 224 826 habitum
253 760 406 842 puriorem
429 765 460 826 et
481 763 515 827 in
536 763 669 844 speciem
696 762 829 846 lenigari
857 764 992 830 nendum
1013 762 1085 828 duri
1105 765 1198 845 atque

76 860 247 945 hystriculi
261 862 409 944 pusionis.
430 864 512 930 redit
526 865 565 930 ad
579 865 669 931 deam
683 866 805 933 tristem
820 866 852 931 et
862 865 944 930 intor
957 865 1012 930 illa
1024 864 1198 932 communia

16 975 18 984 ’
75 964 201 1048 quibus·
220 965 315 1034 moris
342 968 391 1034 cst
416 965 556 1052 frangere
578 987 619 1033 ec
646 971 815 1052 temperare
841 986 992 1034 maerores
1024 969 1138 1052 retegit
1166 988 1198 1035 se
1298 1001 1303 1016 ν

48 1067 182 1150 sipsam
205 1069 297 1152 atque
319 1070 422 1136 omnia
443 1071 502 1136 illa
522 1070 646 1153 pudoris
668 1072 736 1138 loca
757 1071 905 1136 reuelatis
927 1072 1078 1137 monstrat
1092 1072 1197 1156 ingui-

73 1171 182 1238 nibus.
219 1173 313 1255 atque
332 1173 408 1255 pubi
430 1173 539 1259 adfigit
566 1175 670 1240 oculos
688 1174 765 1240 diua
786 1174 817 1238 et
838 1173 972 1239 inauditi
994 1175 1093 1257 specie
1115 1175 1197 1240 scla-

73 1275 174 1340 minis
195 1276 346 1358 pascitur:
369 1277 438 1343 tum
458 1276 600 1343 diffusior
614 1277 697 1343 facta
710 1297 764 1362 per
779 1277 877 1343 risum
892 1279 1087 1360 aspemetam
1101 1277 1198 1343 sumit
1235 1273 1240 1296 '

75 1377 173 1460 atque
195 1379 292 1444 ebibit
313 1380 479 1462 potionem,
502 1381 540 1444 et
555 1380 636 1462 quod
652 1381 706 1446 diu
719 1378 860 1462 nequiuit
875 1381 1060 1446 uerecundia
1073 1380 1195 1448 Baubo·

74 1481 128 1546 uis
151 1480 319 1564 exprimere
345 1483 521 1566 propudiosi
548 1482 690 1548 facinoris
720 1483 847 1548 extorsit
866 1482 1045 1549 obscenitas.
1079 1484 1196 1548 celum·
1206 1481 1247 1546 11

36 1609 65 1648 ro
75 1583 162 1650 niari
176 1602 230 1649 nos
244 1585 381 1668 improbe
396 1586 423 1650 si
438 1586 506 1668 quis
521 1585 599 1654 ferte
613 1585 774 1651 hominum
789 1585 969 1669 suspicatur,
984 1586 1079 1652 libros
1095 1588 1199 1652 sumat

77 1687 217 1754 Threicii
243 1689 340 1770 uatis,
375 1707 449 1772 ques
476 1690 672 1772 antiquitatis
700 1689 879 1754 memoratis
906 1708 971 1755 esse
999 1689 1138 1768 diuinae,
1168 1691 1199 1756 et

75 1789 217 1856 inueniet
244 1809 298 1858 nos
324 1792 404 1856 nihil
430 1810 528 1874 neque
556 1792 667 1858 callide
693 1791 807 1876 fingere
834 1810 931 1876 neque
953 1811 1012 1876 quo
1034 1792 1098 1858 sint
1120 1792 1198 1859 risui

77 1891 173 1957 deum
196 1911 339 1976 quaerere
360 1894 453 1976 atque
475 1893 593 1959 efficere
614 1895 804 1960 sanctitates.
833 1895 914 1978 ipsos
936 1913 1069 1977 nemque
1083 1894 1117 1959 in
1132 1915 1198 1961 me-

77 1995 131 2060 dio
153 2013 301 2079 ponemus
322 2015 440 2078 uersus,
462 2015 537 2080 quos
554 1996 709 2080 Calliopae
731 1997 814 2062 lilius
837 2015 886 2062 oro
909 1997 1007 2062 edidit
1029 1995 1145 2064 Graece
1167 1999 1199 2064 et

39 2099 231 2166 recantando
253 2117 307 2182 per
328 2100 451 2178 saecula
472 2098 533 2164 iuri
554 2099 729 2184 publicauit
750 2099 898 2167 humano:

182 2202 227 2267 sic
250 2201 344 2268 effata
365 2201 461 2268 simul
482 2203 602 2268 uestem
624 2203 777 2270 contraxit
798 2202 837 2267 ab
859 2203 922 2268 imo

181 2303 354 2388 obieeitqne
375 2305 471 2370 oculis
493 2304 640 2372 formatas
661 2305 838 2390 inguinibus
860 2323 923 2371 ras:

181 2409 293 2490 †quas
314 2425 391 2473 caua
412 2407 585 2474 succutiens
604 2405 609 2494 Ι
627 2407 732 2483 Baubo
754 2426 848 2474 manu
869 2443 912 2456 -
933 2426 1007 2474 nam
1029 2409 1155 2492 puerilis
1203 2428 1221 2480 r.
1232 2431 1282 2482 112

180 2509 251 2575 ollis
272 2509 379 2576 uultus
401 2511 466 2576 erat
488 2511 680 2593 -plaudit,
703 2511 871 2576 contrectat
893 2498 998 2578 amice.

179 2615 249 2678 tum
271 2615 327 2679 dea
348 2613 484 2699 defigens
506 2613 632 2700 augusti
653 2615 782 2680 luminis
804 2615 891 2680 orbes

180 2716 325 2782 tristitias
347 2716 445 2782 animi
467 2716 594 2800 paulum
616 2717 739 2784 mollita
759 2717 894 2800 reponit:

180 2818 252 2882 inde
273 2837 367 2884 manu
388 2819 511 2901 poclum
534 2820 633 2886 sumit
651 2820 774 2902 risuque
796 2821 934 2904 sequenti

108 2943 111 2952 ¹
180 2921 320 3004 perducit
341 2922 443 2987 totum
466 2923 602 3006 cyceonis
624 2921 705 2986 laeta
730 2922 890 3004 liquorem.

73 3022 152 3106 quid
173 3023 380 3090 Erechthidae
402 3043 419 3091 o
442 3024 518 3106 cati,
552 3022 626 3111 quid
657 3021 740 3090 ciues
768 3025 915 3091 Mineruii
942 3025 1070 3094 dicitis?
1101 3025 1195 3093 hauet

180 3159 214 3214 13
232 3175 287 3228 sqq.
307 3159 325 3212 l.
344 3176 366 3215 o.
384 3160 409 3224 2,
427 3161 459 3215 21

112 3283 128 3335 1
146 3280 244 3350 generi,
261 3281 321 3333 tum
333 3279 423 3334 Sclm:
441 3280 541 3348 generi.
559 3295 620 3334 cum
631 3281 660 3334 P
675 3279 783 3349 generi:
801 3295 861 3333 curn
877 3280 931 3336 Sab
948 3281 1053 3350 generi:
1072 3277 1130 3336 eam
1144 3281 1194 3338 aar

74 3366 231 3435 genoricum
251 3365 305 3420 Urs
328 3365 492 3436 genetricum
512 3365 660 3420 1111111111
794 3366 811 3418 3
834 3365 976 3434 hystriculi
992 3368 1104 3436 11111111
1131 3368 1193 3424 1111-

75 3450 132 3504 culi
149 3451 177 3504 P
282 3450 352 3506 redit
369 3451 403 3506 ad
421 3449 483 3516 sao,
501 3468 532 3505 r.-
554 3449 654 3521 redita!
665 3451 699 3506 ad
716 3451 744 3505 P
765 3449 835 3504 redit
852 3451 893 3506 ita
910 3450 944 3506 ad
962 3452 1126 3509 aremoricus

73 3538 93 3590 6
112 3535 201 3606 affigit
219 3535 441 3592 1111111111
517 3537 601 3608 specie
618 3537 687 3592 Sub:
705 3536 802 3606 species
814 3537 842 3591 P
916 3536 933 3590 8
951 3537 1087 3608 necquiuit
1099 3539 1126 3592 P

74 3639 277 3695 uerecundiaP
377 3642 410 3695 11
421 3640 510 3694 treicii
520 3641 550 3694 P
646 3640 680 3696 13
692 3640 847 3694 sanctitates
860 3639 931 3696 sao:
943 3625 1088 3696 sanctitate
1099 3643 1128 3696 P
1167 3683 1181 3706 ,,

74 3725 111 3780 14
128 3741 220 3780 nemus
238 3725 308 3782 dab:
325 3741 413 3780 usrsos
430 3726 459 3781 P
560 3725 694 3794 Calliopae
710 3724 945 3782 Hddebruadtree:
961 3725 1071 3796 calliope
1088 3728 1117 3782 P
1132 3727 1193 3782 Gal·

74 3811 161 3879 liopcs
178 3810 232 3866 Sat
345 3827 423 3881 greco
441 3812 469 3865 P
578 3811 611 3865 15
628 3811 773 3865 cantandos
796 3810 913 3868 01111111
1022 3812 1084 3882 iuri]
1103 3815 1193 3882 generi

79 3896 136 3952 Ure
237 3897 270 3950 16
287 3896 349 3952 sinu
367 3897 521 3952 Lambinus
622 3896 654 3950 17
671 3895 801 3951 formatas
818 3897 974 3966 inguinibus
993 3897 1061 3954 Sub.-
1080 3897 1193 3952 formata

74 3981 228 4050 sauguiuib
248 3983 276 4037 P
377 3983 410 4036 18
427 3981 541 4036 Baubus·
551 3984 639 4036 mauu’
656 3982 693 4036 N.
707 3981 839 4038 Heinsius
856 3982 954 4038 Bacchi
970 3987 1057 4036 manu’
1073 3983 1193 4040 Ioannes

75 4069 203 4130 Aorctrcs
315 4069 349 4122 19
366 4069 415 4125 olli
432 4067 506 4122 Sab
601 4068 684 4122 amice
704 4069 767 4122 Get.-
791 4068 890 4123 amicae
907 4069 935 4122 P
1046 4071 1193 4124 contrectat

74 4155 169 4224 amice]
192 4156 314 4209 conctata
330 4155 412 4208 micae
425 4153 479 4208 Scb
580 4154 614 4207 21
632 4153 736 4208 tristias
753 4155 781 4208 P
791 4169 854 4210 corr
955 4155 989 4208 22
1005 4155 1109 4222 poclum
1121 4155 1193 4212 aab:

75 4227 199 4310 poculum
217 4241 243 4292 P
359 4239 466 4308 risuque
485 4238 554 4294 sao.-
570 4238 705 4306 risuquem
722 4238 749 4291 P
868 4237 903 4292 24
919 4237 1090 4292 Erichthidae
1107 4255 1122 4293 c
1139 4238 1193 4292 cati

77 4327 221 4382 Pittacas.-
238 4324 319 4379 eritbi
335 4323 439 4378 decenti
456 4324 484 4378 P
500 4322 643 4386 Erichtheo
661 4324 714 4378 sati
732 4323 788 4380 Sub
908 4323 1035 4378 Mmeruii
1053 4322 1121 4378 Sub:
1144 4324 1193 4378 mi-

76 4413 151 4464 nerui
169 4412 196 4465 P
297 4414 358 4465 auct
376 4410 544 4466 11111111
562 4411 588 4463 P
