2950 5006
283 495 326 562 52
584 490 726 546 Arnobii
750 490 909 545 aduersus
932 489 1088 545 nationes

285 665 361 748 quid
394 683 516 742 nerum,
548 663 621 746 quid
648 661 714 728 fiori
743 663 840 747 possit
861 664 915 728 aut
936 681 996 729 nou
1017 663 1128 748 possit,
1162 679 1238 745 quae
1258 663 1402 728 imorum

169 791 172 798 ¹
285 785 534 850 summorumque
560 768 670 832 natura
697 766 761 831 sit?
786 777 1000 848 numquamne
1026 765 1106 830 illud
1132 767 1296 848 uulgatum
1322 783 1396 848 per·

284 871 409 936 strinxit
429 888 516 936 aures
537 869 663 947 uestras,
687 867 866 951 sapientiam
889 868 1022 934 hominis
1044 869 1213 934 stultitiam
1231 886 1295 934 esse
1309 868 1396 950 apud
1449 949 1458 962 ο

256 974 377 1040 ldeum
390 974 547 1057 primum?
561 975 652 1054 atque
666 970 725 1052 ipsi
740 971 861 1055 penitus
875 969 1048 1054 perspicitis
1062 971 1218 1054 nosipsos,
1233 971 1395 1054 siquando

284 1078 321 1143 de
353 1076 443 1142 rebus
476 1073 654 1157 disceptatis
686 1073 822 1138 obscuris
852 1077 884 1138 et
910 1073 1065 1140 naturalia
1096 1075 1226 1159 pergitis
1258 1093 1429 1140 reserares

284 1180 414 1258 secrete,
444 1177 564 1260 etipsa
585 1195 662 1258 quae
683 1175 801 1252 dicitis,
830 1195 907 1259 quae
928 1177 1132 1256 timueritis,
1161 1195 1237 1259 quae
1264 1177 1395 1261 capitali

284 1281 460 1364 plerumque
475 1279 665 1345 contentione
685 1277 857 1358 defenditis,
880 1279 996 1344 nescire
1018 1296 1073 1345 uos
1095 1283 1126 1345 et
1143 1298 1395 1363 unumquemque

284 1384 466 1466 suspiciones
493 1399 561 1447 snas
582 1398 636 1464 pro
657 1381 794 1463 probatis
816 1383 848 1446 et
867 1382 1091 1464 comprehensis
1114 1383 1262 1466 pertinaci
1284 1383 1394 1449 oblue-

284 1486 399 1551 tatione
420 1484 526 1550 tutari.
559 1483 633 1566 quid
654 1483 743 1560 enim,
764 1484 792 1548 si
812 1501 918 1550 uerum
937 1484 1127 1567 perspiciam,
1150 1486 1270 1551 etamsi
1290 1487 1395 1552 omnia

284 1590 404 1668 saecula
425 1589 458 1653 in
479 1606 581 1652 rerum
602 1587 836 1672 inuestigatione
857 1589 1018 1670 ponantur,
1041 1589 1117 1654 scire
1138 1607 1193 1672 per
1207 1607 1261 1654 nos
1283 1607 1427 1674 passu-n
1462 1589 1463 1620 l

206 1759 213 1767 ,
283 1709 363 1769 mus,
385 1708 459 1774 quos
481 1691 525 1755 ita
547 1706 649 1755 caecos
671 1692 702 1754 et
723 1689 866 1771 superbos
894 1691 995 1756 nescio
1026 1708 1103 1774 quae
1129 1710 1177 1757 res
1205 1692 1337 1776 protulit
1363 1694 1395 1759 et

237 1787 245 1798 ⁴
284 1794 476 1860 eoneinnauit
497 1792 623 1869 inuidia,
650 1793 695 1876 ut,
725 1812 798 1858 cum
822 1792 900 1858 nihil
921 1793 1070 1872 sciamus,
1101 1794 1223 1860 omnino
1245 1795 1394 1861 fallamus

284 1915 339 1962 nos
360 1898 462 1963 tamen
484 1897 515 1960 et
535 1896 568 1960 in
590 1895 762 1977 opinionem
782 1895 927 1962 scientiae
941 1896 998 1962 sub
1012 1896 1111 1962 inflati
1125 1897 1258 1980 pectoris
1271 1899 1395 1965 tumore

283 1999 438 2065 tollamur.
472 1998 508 2062 ut
536 1998 618 2062 enim
646 1999 752 2064 diuina
781 1999 968 2081 praeteream
994 2001 1025 2064 et
1048 2000 1183 2065 naturali
1204 2001 1395 2068 obscuritate

284 2121 331 2167 res
359 2120 492 2179 mersas,
525 2099 626 2182 potest
654 2101 816 2182 quisquam
845 2101 993 2182 explicare
1022 2101 1215 2182 mortalium,
1249 2102 1283 2166 id
1311 2104 1431 2186 quoda

201 2203 423 2270 inassuetas
450 2204 504 2269 ille
529 2203 533 2290 Ι
560 2203 799 2284 conprehendere
827 2204 932 2286 nequit
959 2204 992 2268 in
1013 2204 1167 2282 Phaedro,
1197 2205 1288 2271 homo
1317 2207 1402 2288 quid·

287 2307 328 2374 sit
359 2307 413 2371 aut
444 2305 523 2370 unde
556 2305 612 2382 sit,
645 2323 753 2387 auceps
790 2306 897 2396 uanus
930 2305 1055 2371 mobilis
1087 2306 1188 2388 pellax
1226 2307 1396 2392 multiplex

283 2408 497 2485 multiformis,
530 2407 563 2473 in
585 2425 659 2496 quos
681 2427 754 2472 usus
776 2409 912 2489 prolatus
935 2409 990 2487 sit,
1023 2409 1110 2474 cuius
1132 2410 1174 2474 sit
1203 2409 1395 2495 excogitatus

283 2513 420 2597 ingenio,
443 2510 517 2593 quid
538 2510 572 2574 iu
594 2509 708 2575 mundo
729 2509 837 2587 iaciat,
863 2530 916 2575 eur
936 2512 1088 2576 malorum
1111 2513 1198 2580 tauta
1220 2515 1397 2596 experiatur

283 2615 432 2691 examina,
454 2614 596 2677 utrumne
617 2613 708 2677 illum
730 2613 822 2678 tellus
837 2613 962 2698 uliginis
978 2613 1108 2680 alieuius
1124 2632 1268 2682 conuersa
1283 2618 1429 2700 putorem

282 2719 442 2800 tamquam
463 2733 583 2780 uermes
604 2713 785 2779 animauerit
817 2716 974 2798 tamquam
995 2735 1111 2793 mures,
1135 2737 1173 2782 an
1194 2717 1310 2783 fictoris
1334 2720 1396 2785 ali-

283 2821 368 2884 cuius
390 2821 421 2884 et
442 2818 632 2883 fabricatoris
654 2837 749 2883 manu
770 2817 951 2883 liniamenta
972 2819 1047 2885 haec
1069 2821 1200 2903 corporis
1222 2823 1315 2903 atque
1332 2825 1397 2888 oris

231 2945 235 2955 ·
283 2922 431 3004 acceperit
451 2921 602 2986 formam?
628 2922 739 3001 potest,
762 2922 897 3003 inquam,
920 2922 997 2987 seire
1018 2923 1049 2987 in
1073 2924 1173 2989 medio
1196 2924 1270 2990 haee
1292 2927 1397 3008 posita

283 3026 373 3107 atque
386 3025 427 3089 in
448 3024 585 3089 sensibus
607 3023 776 3089 constituta
798 3023 1024 3102 communibus,
1056 3025 1166 3107 quibus
1189 3028 1288 3093 causis
1310 3048 1396 3094 mer-

283 3147 393 3212 gamur
414 3126 446 3190 in
468 3143 603 3202 somnos,
635 3125 744 3208 quibus
766 3126 961 3208 suigilemus,
993 3128 1103 3209 quibus
1125 3128 1224 3194 modis
1245 3129 1322 3194 fiant
1345 3133 1431 3197 m-sa

282 3229 408 3307 somnia,
432 3229 542 3310 quibus
563 3209 647 3292 uisa:
670 3229 775 3306 immo,
799 3228 879 3310 quod
900 3228 1034 3312 ambigit
1054 3232 1086 3294 in
1110 3231 1274 3296 Theaeteto
1288 3233 1395 3314 Plato,

282 3332 446 3414 uigilemus
469 3330 631 3413 aliquando
653 3349 691 3395 an
714 3331 817 3413 ipsum
839 3332 967 3415 uigilare
990 3332 1070 3415 quod
1092 3333 1205 3399 dicitur
1227 3335 1327 3401 somni
1352 3338 1396 3402 sit

282 3434 421 3517 perpetui
435 3433 544 3516 portio,
561 3435 592 3498 et
607 3432 687 3515 quod
701 3451 790 3516 agere
804 3434 969 3512 uideamur,
985 3435 1186 3513 insomnium
1202 3456 1273 3502 cum
1287 3439 1398 3506 udone
1460 3473 1461 3522 ,

383 3601 469 3658 aeos.
486 3601 547 3668 13,
566 3603 598 3656 ne
700 3601 733 3655 re
750 3601 829 3654 rrae
847 3601 959 3656 phaedr.
981 3619 1006 3671 p.
1025 3603 1075 3658 aso
1092 3603 1124 3656 ef.
1142 3604 1228 3659 Aleib.
1246 3622 1272 3674 p.
1290 3601 1342 3660 mo
1460 3579 1461 3590 '

281 3687 551 3756 aelhema.p.158

315 3824 556 3893 iperstrinoxitP
655 3823 748 3877 odem
766 3823 897 3877 Peerre‘
999 3825 1096 3880 deum?
1113 3827 1227 3896 primum
1246 3829 1398 3886 Sabrcorr

281 3909 422 3964 Mensae
439 3915 463 3962 et
479 3909 682 3963 Klaeemarmao
783 3911 862 3977 atque
880 3909 1036 3964 Meretrice:
1058 3914 1085 3965 at
1107 3928 1173 3980 quae
1189 3914 1217 3967 P
1236 3929 1316 3982 aeque
1341 3917 1397 3972 Urs

281 3997 355 4063 ecqui
372 3995 574 4049 Klaasrrramrae
699 3994 820 4062 paenitus
838 3995 865 4048 P
987 3996 1004 4050 8
1020 4012 1067 4065 pro
1086 3997 1142 4051 add
1160 3998 1322 4054 Stewecba‘aa

201 4075 204 4082 '
281 4080 501 4149 ilperspiciamus
525 4079 575 4134 Urs
600 4080 731 4133 fateamur
752 4079 802 4133 (iel
935 4081 967 4135 11
991 4097 1043 4150 qua
1060 4081 1114 4136 Sub
1249 4085 1282 4138 13
1300 4085 1399 4142 subin-

280 4165 339 4219 flati
350 4165 425 4219 Salon
521 4167 553 4219 16
565 4163 637 4218 fedro
648 4164 676 4218 P
685 4163 788 4217 Phredo
799 4164 852 4219 Scb
863 4165 1002 4220 Phaedone
1013 4167 1061 4220 Get
1140 4199 1145 4207 ι
1157 4169 1216 4236 quit
1226 4171 1253 4224 P
1261 4185 1323 4224 corr

282 4252 314 4305 1'l
333 4252 451 4305 animans
468 4249 598 4319 anceps?
698 4250 804 4304 mouihs
821 4251 849 4304 P
862 4267 955 4306 corre
1040 4252 1089 4306 '19
1109 4255 1169 4322 quit
1186 4256 1214 4308 P
1230 4269 1324 4310 corre

281 4337 315 4390 20
331 4337 463 4404 utrumne]
476 4335 510 4403 of.
520 4351 550 4404 p.
564 4339 599 4390 47
610 4334 675 4392 adra.
776 4337 809 4390 23
827 4339 972 4406 acceperint
985 4337 1039 4392 Sub
1140 4341 1174 4394 26
1191 4339 1306 4410 ambigit
1319 4340 1398 4398 Sub.-

281 4421 366 4476 ambit
384 4421 411 4476 P
510 4420 650 4475 Theaeteto
663 4421 732 4476 Sabe
750 4419 923 4476 theaetcteP
1018 4423 1051 4477 28
1068 4423 1199 4492 quidSab
1300 4425 1400 4481 uidea-

280 4522 341 4560 mur
358 4507 527 4573 insomnium,
544 4523 603 4561 cum
619 4506 708 4561 uidere
724 4523 772 4562 nos
790 4506 914 4571 dicimus;
932 4507 1066 4563 radiorum
1083 4509 1167 4580 aalys
