2950 5006
293 469 336 536 54
593 467 734 523 Arnobii
756 467 916 522 aduersus
938 466 1097 521 nationes

292 641 481 706 ueneramini
502 643 574 706 deos
595 641 628 705 et
647 627 748 706 colitis
769 656 829 704 non
851 639 1005 704 credentes
1026 639 1098 704 illos
1120 657 1185 705 esse
1206 640 1237 704 ct
1251 637 1407 722 propitiae

264 746 380 810 tauros
394 743 506 810 uestris
520 741 792 825 supplicationibus
807 742 1055 808 accommodare?
1076 741 1172 824 quid?
1185 742 1244 808 illa
1257 744 1294 808 dc
1307 741 1405 806 rebus

292 845 331 910 ab
352 845 486 912 bumana
511 846 682 931 cognitione
710 845 866 928 sepositis,
899 862 975 927 quae
1003 845 1192 911 conscribitis
1214 845 1288 926 ipsi,
1324 862 1406 927 quae

293 949 455 1029 lectitatis,
485 949 607 1015 oculata
628 948 751 1014 uidistis
772 948 958 1030 inspectione
981 950 1013 1012 et
1034 947 1177 1014 menibus
1198 947 1332 1012 tractatu
1353 950 1403 1012 te·

291 1053 425 1119 ruistis?
446 1070 543 1120 nonno
565 1056 702 1118 uestrum
723 1052 905 1134 quicumque
926 1053 973 1118 est
995 1051 1066 1116 huic
1087 1053 1136 1116 nel
1150 1051 1199 1116 illi
1215 1051 1312 1116 credit
1327 1069 1435 1116 oue-c

292 1155 432 1222 toribus?
463 1172 521 1220 non
545 1155 624 1237 qnod
645 1154 705 1219 sibi
726 1153 910 1236 pmsaaserit
934 1153 1004 1236 quis
1027 1172 1133 1218 uerum
1156 1153 1217 1219 dici
1240 1153 1278 1218 ab
1301 1153 1403 1220 altero

292 1256 379 1323 uelut
400 1259 533 1341 quadam
554 1257 623 1324 fidei
638 1258 856 1340 astipulatione
871 1261 1014 1322 tutetur?
1035 1257 1087 1340 qui
1102 1258 1282 1322 cunctarum
1296 1276 1404 1322 rerum

255 1416 258 1423 s
292 1361 440 1444 originem
461 1361 565 1445 ignem
585 1379 651 1426 esse
672 1361 747 1426 dicit
767 1364 821 1425 aut
843 1379 969 1443 squam,
991 1377 1052 1427 non
1075 1359 1196 1426 Thaleti
1213 1362 1272 1425 ant
1299 1359 1404 1424 Here·

241 1464 263 1526 ’.
291 1462 365 1528 clito
380 1462 497 1528 credit?
518 1464 571 1546 qni
586 1479 707 1528 causam
728 1463 912 1528 innumeris
934 1463 1032 1546 ponit
1052 1480 1112 1529 non
1134 1461 1328 1546 Pymrporee
1343 1461 1402 1528 Sa-

292 1565 368 1651 mio,
391 1582 450 1629 non
473 1564 648 1649 Archytae?
680 1565 732 1647 qui
759 1565 894 1631 animam
915 1563 1030 1630 diuidit
1051 1565 1084 1630 et
1104 1565 1306 1648 incorporales
1330 1584 1435 1636 con-ro

292 1668 394 1734 stituit
415 1668 537 1749 formas,
560 1686 620 1732 non
641 1668 764 1732 Platoni
778 1667 953 1733 meretoc?
974 1667 1027 1750 qni
1048 1667 1192 1751 quintum
1215 1668 1403 1732 elementum

291 1770 511 1853 principalibus
539 1771 674 1853 adplicet
707 1769 822 1851 causis,
853 1789 912 1836 non
936 1770 1096 1838 Aristmeli
1128 1771 1404 1854 Peripateticormn

291 1873 393 1956 patri?
415 1874 467 1956 qui
488 1873 592 1957 iguem
614 1874 750 1940 minetur
771 1874 898 1957 mundo,
922 1873 1077 1939 aduenerit
1098 1892 1169 1976 cum
1191 1876 1328 1957 tempus,
1353 1893 1404 1938 ar·

292 1995 412 2055 surum
446 1995 507 2042 non
528 1977 674 2043 Panaetio
697 1976 865 2060 Chrysippo
887 1976 1021 2041 Zenoni?
1052 1976 1105 2059 qui
1136 1974 1304 2042 indiuiduis
1337 1993 1404 2041 cor·

292 2079 418 2163 poribus
448 2080 577 2146 mundos
609 2099 728 2164 semper
760 2079 928 2146 fabricetur
954 2081 986 2145 et
1008 2079 1153 2157 destruit,
1187 2096 1247 2144 non
1268 2079 1436 2162 Epicuron

293 2183 466 2250 Democrito
488 2183 681 2248 Metrodoro?
713 2183 766 2264 qui
797 2181 876 2247 nibil
898 2182 935 2246 ab
967 2182 1090 2247 homine
1116 2181 1329 2264 comprehendi
1358 2183 1406 2246 ait

291 2287 384 2368 atque
416 2286 518 2352 omnia
550 2285 647 2350 caecis
678 2285 918 2352 obscuritatibus
949 2285 1105 2362 inuoluta,
1140 2301 1200 2349 non
1230 2283 1406 2362 Arcesilae,

293 2387 449 2467 Carneadi,
472 2405 530 2454 non
553 2388 644 2453 alicui
667 2389 821 2472 [denique]
837 2388 1017 2454 Academiae
1033 2388 1145 2453 ueteris
1165 2386 1409 2470 recentiorisque

201 2507 206 2516 '
248 2490 426 2560 lteultori?
446 2491 506 2573 ipsi
528 2490 657 2572 deniqne
677 2491 829 2574 principes
850 2491 882 2556 et
901 2490 1125 2572 praedictarum
1147 2491 1250 2572 patres
1278 2491 1404 2556 senten·

293 2591 417 2672 berum,
440 2609 537 2658 nonne
558 2611 594 2658 ea
615 2611 691 2676 quae
705 2593 811 2659 dicunt
826 2595 889 2659 suis
904 2593 1021 2660 credita
1035 2586 1258 2677 suspicionibus
1273 2592 1438 2660 dicuntia

294 2696 374 2761 uidit
407 2695 489 2760 euim
511 2695 686 2760 Heraclitus
715 2713 762 2760 res
790 2697 910 2780 ignium
942 2694 1188 2761 conuersionibus
1216 2695 1296 2773 fieri,
1332 2705 1406 2760 cou-

293 2799 426 2864 cretione
452 2816 600 2880 aquarum
627 2799 754 2880 Thales,
788 2798 978 2884 Pythagorae
1006 2817 1146 2866 numeros
1174 2799 1267 2883 coire,
1301 2799 1406 2894 incor-

211 2912 230 2964 f.
240 2903 412 2983 superares
433 2897 437 2984 Ι
461 2901 576 2966 formes
589 2899 688 2980 Plato,
711 2900 940 2967 indiuiduorum
955 2903 1149 2967 Democritus
1171 2901 1409 2967 concursiones?

293 3004 427 3082 attilii,
450 3004 502 3086 qui
524 3005 684 3069 autumant
705 3004 783 3069 nihil
804 3022 892 3086 posse
917 3005 1039 3069 omnino
1065 3003 1275 3086 conprehendi,
1297 3023 1339 3068 an
1363 3005 1409 3070 sit

292 3123 401 3172 uerum
423 3106 501 3188 quod
531 3105 636 3172 dicunt
657 3107 773 3186 sciunt,
802 3107 838 3171 ut
859 3107 961 3190 ipsum
989 3106 1069 3189 quod
1091 3105 1240 3171 definiunt
1260 3105 1436 3172 sentations

295 3227 359 3275 esee
380 3208 563 3293 intellegent
583 3209 836 3291 pronuntiatam?
868 3227 937 3274 cnm
959 3209 1057 3294 igitur
1077 3210 1224 3292 comperti
1245 3208 1325 3274 nibil
1348 3210 1406 3275 ba·

292 3311 392 3377 beatis
425 3314 457 3378 et
491 3312 605 3395 cogniti
638 3313 798 3394 omniaque
825 3311 881 3378 illa
914 3330 989 3395 quae
1028 3313 1163 3378 scribitis
1189 3315 1222 3378 et
1253 3313 1408 3382 librorum

328 3617 462 3674 bructeri
481 3617 535 3672 Scb
637 3619 826 3682 icanatorum
845 3617 899 3673 Sab
1008 3635 1096 3673 rernm
1114 3619 1171 3673 edd
1188 3619 1412 3674 Hddebrcadtes

293 3719 380 3758 rerum
409 3706 560 3758 cunctarum
584 3703 785 3758 maeandros
930 3705 948 3758 8
974 3704 1103 3772 originem
1126 3705 1215 3773 iguem
1239 3704 1412 3760 Hildebraa·

294 3791 370 3845 diae:
388 3789 517 3858 originem
531 3789 559 3843 P
656 3789 721 3843 dicit
735 3789 824 3858 ignem
839 3789 891 3843 dab
993 3789 1203 3844 10arohitoeP'
1297 3790 1331 3844 13
1344 3791 1413 3861 igne

294 3876 411 3929 minetur
422 3870 548 3929 mundum
566 3874 619 3930 Ure
691 3875 829 3929 adusserit
839 3876 949 3944 scripsi:
967 3879 995 3930 et
1007 3876 1110 3930 uenerit
1123 3877 1150 3930 P
1166 3875 1269 3930 amerit
1286 3876 1338 3931 Ure

295 3963 327 4016 14
345 3961 466 4030 crysippo
483 3961 510 4014 P
608 3962 642 4016 15
659 3959 769 4017 mundos
788 3960 855 4014 Scir:
881 3959 987 4015 mundis
1005 3961 1032 4015 P
1134 3963 1166 4016 16
1184 3964 1224 4016 ait
1240 3962 1339 4017 addidi

295 4049 327 4102 17
339 4046 481 4102 archesilas
493 4048 520 4101 P
536 4047 687 4102 Archesilao
701 4045 755 4100 Sub
856 4047 889 4101 18
900 4047 1012 4116 donique
1022 4049 1118 4102 nodosi
1219 4049 1411 4103 recentiorisue

299 4133 350 4188 Ure
450 4133 483 4187 19
495 4131 605 4200 denique
617 4131 686 4185 Sub:
704 4131 836 4186 deniusP
936 4135 1066 4187 sectarum
1084 4133 1135 4188 Ure
1236 4135 1271 4188 20
1287 4135 1361 4204 apud
1377 4151 1411 4190 ee

295 4217 348 4274 Sed
450 4218 485 4273 21
501 4231 624 4272 numeros
640 4217 708 4271 coire
730 4217 796 4272 Ure:
814 4234 919 4272 numero
937 4218 1004 4272 scire
1021 4219 1048 4273 P
1149 4220 1183 4274 25
1200 4235 1236 4288 eq.
1255 4221 1411 4275 aut...in·

292 4304 421 4375 tolligunt
438 4303 493 4358 Set
595 4303 628 4356 a?
647 4303 802 4372 omuiequao
819 4305 847 4358 P
860 4317 922 4359 corr
