2950 5006
216 479 258 545 30
517 475 659 531 Aruobii
682 475 844 531 aduersus
867 475 1024 529 nationes

216 669 296 716 unns
311 649 373 714 fuit
387 667 403 714 e
418 648 514 730 nobis,
531 647 584 731 qni
599 647 723 713 claudos
738 665 857 712 comere
872 647 1087 730 praecipiebat,
1104 649 1135 712 et
1149 646 1212 711 iam
1227 649 1334 729 †ope-

148 754 263 821 turris
286 772 333 818 res
355 753 435 832 erat,
459 752 612 836 porrigere
634 769 756 818 mancos
774 750 779 839 Ι
798 770 921 830 manus,
944 753 976 817 et
998 751 1121 818 articuli
1142 751 1333 817 mobilitates

216 857 279 922 iam
300 855 455 940 ingenitas
478 854 684 936 explicabaut;
714 856 820 938 captos
840 854 985 920 membris
1007 855 1184 938 adsurgere,
1213 855 1244 918 et
1265 854 1332 920 ism

198 969 285 1028 'snos
321 960 493 1026 referebant
535 960 630 1024 lectos
673 959 781 1024 alienis
817 959 908 1041 paulo
944 958 1014 1022 ante
1051 957 1220 1023 ceruicibus
1254 957 1330 1036 lati;

215 1065 358 1130 nidnatos
380 1063 483 1129 uidere
505 1062 692 1141 luminibus,
715 1063 747 1127 et
769 1061 841 1128 ium¹
861 1060 980 1127 caelum
1002 1060 1144 1143 diemque
1166 1060 1332 1126 cernebant
1358 1086 1371 1124 a

168 1167 311 1235 ldnnllis
334 1185 403 1232 cum
426 1165 522 1231 oculis
543 1167 714 1248 procreati?
748 1183 842 1243 unns,
871 1165 1006 1247 iuquam,
1030 1163 1091 1228 tuit
1113 1183 1129 1229 e
1151 1163 1253 1242 nobis,
1277 1163 1332 1246 qui

216 1267 428 1334 debilitatibus
451 1267 545 1333 uariis
571 1267 745 1350 morbisque
768 1268 892 1334 ueratm
914 1271 1038 1333 centnm
1057 1269 1112 1334 ant
1125 1268 1182 1334 hoc
1197 1267 1331 1349 amplius

215 1373 309 1437 semel
336 1390 397 1459 una
424 1370 638 1437 intercessione
668 1370 828 1435 sansone.
855 1371 942 1436 cuius
969 1389 1074 1436 nocem
1097 1372 1136 1436 ad
1158 1369 1332 1453 simplicem

215 1473 381 1539 furibunda
402 1475 434 1539 et
455 1474 563 1540 insana
585 1472 780 1556 explicabant
795 1491 827 1537 se
841 1475 948 1552 maria,
971 1473 1174 1557 procellarnm
1189 1473 1332 1538 turbines

215 1576 473 1659 tempestatesque
500 1575 663 1642 sidebant?
699 1576 753 1658 qui
780 1596 836 1660 per
863 1577 1032 1643 altissimos
1061 1578 1199 1663 gurgites
1221 1577 1370 1661 pedemro

215 1681 342 1748 ferebat,
360 1680 510 1758 inlutum,
544 1679 682 1745 calcabat
711 1679 797 1762 ponti
819 1680 905 1764 terga
926 1680 1016 1746 undis
1038 1680 1113 1763 ipsis
1136 1680 1330 1762 stupentibus

215 1783 249 1848 in
270 1783 458 1848 famulatum
481 1781 630 1848 subeunte
651 1783 782 1848 natura?
805 1783 858 1865 qni
880 1784 1077 1866 sequentium
1091 1804 1124 1849 se
1138 1783 1226 1848 milia
1240 1787 1330 1866 qnin-

216 1904 274 1970 qus
296 1885 428 1967 quinque
461 1885 615 1950 saturauit
637 1905 653 1950 e
674 1885 820 1968 panibus,
854 1903 889 1951 ac
910 1905 947 1950 ne
978 1904 1042 1952 esse
1076 1885 1259 1970 praestigiae
1280 1885 1331 1950 in·

217 1987 349 2054 credulis
371 1988 435 2053 illis
458 1988 635 2053 uiderentur
657 1989 688 2052 et
710 1988 805 2068 duris,
828 1989 876 2054 bis
892 2007 1033 2055 senarum
1049 1990 1222 2072 sportarum
1244 1989 1330 2053 siuns

217 2091 417 2174 reliquiarum
449 2090 653 2176 fragminibus
686 2078 873 2176 aggerabat?
908 2111 986 2158 nnus
1015 2093 1076 2157 fuit
1104 2093 1242 2172 euobis,
1276 2092 1369 2175 quire

217 2195 316 2260 redire
337 2196 370 2259 in
392 2212 517 2277 corpora
538 2179 720 2262 iamdudum
742 2195 861 2260 animas
883 2195 1088 2278 praecipiebat
1109 2195 1236 2274 efflatas,
1260 2211 1329 2277 pro-

217 2297 281 2362 dire
317 2297 355 2362 ab
391 2297 556 2382 aggeribus
593 2296 727 2363 conditos
764 2298 795 2362 et
828 2299 896 2380 post
932 2299 1013 2363 diem
1050 2299 1164 2363 firneris
1200 2297 1330 2363 tertium

216 2401 433 2482 pollinctorum
463 2399 668 2466 uoluminibus
701 2399 857 2482 expediri?
892 2420 971 2466 unns
1004 2401 1065 2465 fuit
1098 2401 1243 2484 euobis,
1276 2401 1330 2482 qui

216 2504 289 2586 qnid
317 2503 433 2586 singuli
460 2502 634 2582 noluerent,
663 2502 737 2584 quid
759 2502 815 2567 sub
838 2502 974 2569 obscuris
997 2503 1235 2586 cogitationibus
1257 2521 1329 2568 con-

216 2606 348 2671 tinerent
370 2606 534 2671 tacitorum
555 2606 589 2670 in
611 2605 752 2671 cordibus
773 2605 978 2687 pernidebat?
1014 2625 1094 2671 nune
1118 2605 1177 2671 fnit
1199 2605 1370 2685 euobis„

216 2709 269 2791 qui
292 2729 361 2774 oum
383 2727 478 2774 unam
500 2709 654 2773 emitteret
675 2725 791 2789 nocem,
814 2709 852 2774 ab
874 2709 1004 2775 diuersis
1026 2711 1146 2792 populis
1162 2713 1193 2776 et
1207 2708 1330 2774 dimona

216 2812 351 2877 oratione
374 2811 567 2894 loquentibus
590 2810 795 2876 familiaribus
817 2811 979 2877 uerborum
1002 2813 1083 2877 sonis
1105 2815 1137 2878 et
1151 2830 1205 2878 suo
1221 2813 1330 2894 cuique

216 2916 306 2980 utens
328 2914 560 2979 existimabatur
582 2914 722 2996 eloquio?
744 2933 822 2979 unus
846 2914 906 2979 fuit
928 2916 1055 2997 enobis,
1079 2916 1131 2998 qni
1146 2935 1216 2981 cum
1230 2915 1329 2980 officia

132 3033 152 3090 r.
164 3033 208 3094 17¹>
218 3017 373 3100 religionis
402 3020 500 3083 certae
528 3017 590 3082 suis
619 3017 819 3083 sectatoribus
847 3018 992 3098 traderet,
1019 3017 1023 3105 Ι
1050 3020 1199 3084 mundum
1226 3021 1328 3084 totum

215 3119 337 3204 repente
370 3121 532 3203 conplebat
563 3121 756 3204 quantusque
784 3122 889 3204 etqui
924 3123 1005 3186 esset
1034 3123 1168 3186 reuelato
1196 3121 1329 3187 nominis
1338 3149 1369 3191 aa

215 3223 415 3288 inmensitate
437 3225 649 3290 monstrabat?
682 3243 759 3290 nnus
782 3225 842 3290 fuit
864 3243 880 3288 e
902 3224 1004 3301 nobis,
1028 3224 1080 3306 qui
1103 3225 1240 3305 deposito
1263 3241 1328 3288 cor·

215 3344 286 3410 pore
307 3326 475 3391 innumeris
498 3344 529 3391 se
551 3327 711 3393 hominum
732 3329 873 3410 prompta
894 3328 926 3391 in
948 3328 1015 3391 luce
1038 3326 1166 3404 deterit,
1190 3327 1242 3408 qui
1264 3344 1328 3391 ser·

251 3636 310 3689 let
328 3634 381 3687 iam
404 3632 467 3688 cer.-
485 3634 566 3688 otiam
584 3635 639 3690 Sob
741 3636 920 3703 processerant
936 3633 1080 3702 Hoccptc'ns
1097 3631 1232 3689 ambulare
1250 3637 1328 3703 atque
1406 3654 1410 3662 ·

216 3719 305 3774 exilire
323 3723 460 3788 coeperant
477 3721 590 3792 Hagios
615 3719 750 3775 ambulare
776 3720 876 3774 nullius
902 3721 958 3774 illis
985 3719 1070 3789 operis
1097 3735 1138 3772 res
1156 3721 1214 3772 erat
1231 3719 1328 3774 Kloss-

216 3821 334 3860 manuos
351 3805 486 3874 compedes
504 3806 689 3862 reserabuntur
713 3807 727 3860 ?
833 3807 849 3859 2
867 3805 1032 3860 mobilitates
1051 3806 1078 3874 (b
1096 3822 1129 3860 ec
1147 3813 1174 3872 n)
1193 3807 1219 3858 P
1234 3806 1328 3860 immo·

215 3891 337 3946 tilitates
360 3892 411 3946 Urs
548 3893 565 3946 3
582 3893 716 3961 ingenitas
735 3893 795 3960 Sub,
813 3909 842 3946 r:
864 3891 986 3961 ingentes
1004 3893 1030 3944 P
1045 3891 1195 3960 incognitas
1209 3892 1261 3947 Urs

215 3977 450 4032 dreferrebantP
548 3977 705 4033 5biduatos
718 3980 743 4030 P
845 3979 1062 4032 intemeratos
1076 3979 1102 4030 P
1202 3979 1235 4031 12
1252 3977 1328 4046 quin·

216 4080 266 4133 qne
288 4065 402 4133 quinque
426 4066 490 4119 Urs:
513 4063 626 4132 quinque
645 4064 671 4115 P
790 4064 821 4118 14
838 4064 973 4118 uideretur
991 4066 1016 4115 P
1134 4065 1166 4119 15
1183 4063 1329 4132 aggerabat

216 4149 285 4205 Sub:
314 4150 457 4222 aggerebat
475 4151 500 4202 P
635 4149 668 4202 16
685 4166 793 4218 corpora
811 4149 881 4204 Sub:
904 4166 1012 4219 corpore
1029 4150 1056 4201 P
1184 4148 1328 4203 iandudum

216 4238 311 4292 Pcorr
414 4238 446 4292 17
464 4235 678 4290 fuerisPcorrc
781 4238 813 4291 18
825 4237 1052 4306 pollinctornmP
1151 4236 1328 4290 uoluminibus

216 4324 285 4379 sno:
312 4323 490 4379 uoluminibus
503 4323 528 4373 P
627 4323 660 4375 22
677 4321 827 4391 loquetibus
845 4324 967 4378 Pcorrr
1068 4323 1103 4376 24
1119 4324 1190 4375 certa
1208 4321 1260 4376 Urs

217 4409 385 4464 usnemun
409 4409 460 4464 Urs
