2888 5008
290 494 353 560 212
592 487 733 544 Arnobii
755 487 920 544 eduersus
944 487 1099 542 nationes

291 683 414 730 sensum
444 664 536 745 atquc
564 659 812 745 intellegentiam
840 660 974 745 depulit,
1008 661 1136 726 mnfusa
1165 661 1256 742 atque
1285 661 1391 725 incerta

290 767 413 833 iactatis
434 767 466 831 et
486 765 627 831 inanium
656 783 709 846 per
737 783 839 830 rerum
861 764 1007 848 figmenta
1030 764 1229 830 bacchamini.
1268 765 1347 829 esto:
1367 763 1390 826 iu

290 870 373 936 Iouis
396 872 427 934 ct
442 867 558 933 Cereris
574 868 661 932 coetu
676 867 823 952 inrigatio
839 867 881 933 sit
896 866 1071 952 significata
1085 867 1215 946 telluris,
1238 868 1390 933 occultatio

291 972 416 1039 seminia
438 971 536 1053 putris
558 971 592 1035 in
607 971 690 1036 Ditis
712 972 812 1054 raptu,
835 971 910 1036 uiue
931 989 985 1053 per
1006 971 1104 1036 terras
1127 989 1232 1053 sparsa
1249 971 1390 1036 distractis

289 1077 323 1141 in
345 1073 515 1140 uisceribus
530 1073 649 1152 Liberi,
674 1072 853 1156 cupiditatis
876 1074 908 1138 et
927 1073 1113 1139 temeritatis
1129 1073 1304 1156 conpressio
1320 1073 1410 1138 colb-r

240 1179 373 1263 ligatio
395 1177 479 1241 dicta
500 1177 543 1241 sit
564 1177 774 1242 adulterorum
790 1176 919 1242 Veneris
942 1178 1033 1259 etque
1047 1176 1168 1241 Martis.
1201 1176 1255 1242 sed
1276 1175 1390 1240 sisebu-

289 1283 334 1348 las
356 1282 410 1346 has
434 1279 531 1344 uultis
552 1299 637 1345 more
659 1298 724 1346 csse
746 1281 909 1364 allegorico
931 1281 1078 1363 scriptas,
1109 1279 1183 1361 quid
1210 1281 1323 1346 ceteris
1343 1279 1390 1359 fiet,

290 1405 365 1468 quas
396 1403 457 1451 non
486 1385 628 1450 uidemus
656 1400 744 1467 posse
773 1402 915 1449 uersuros
942 1384 977 1448 iu
999 1385 1178 1450 huiusmodi
1208 1383 1301 1469 cogi?
1334 1382 1390 1466 quid

290 1489 373 1554 enim
395 1488 580 1554 subiciamus
603 1504 657 1568 pro
672 1485 737 1551 illis
751 1485 907 1565 fluctibus,
930 1503 1005 1569 quos
1027 1505 1117 1568 super
1133 1505 1278 1571 aggerem
1295 1486 1390 1551 tumuli

290 1589 457 1656 Semeleius
471 1589 587 1656 subolis
602 1589 691 1673 urigo
707 1589 878 1655 contorsit?
892 1593 923 1654 et
939 1589 1012 1671 quid
1026 1607 1080 1673 pro
1098 1591 1162 1654 illis
1179 1589 1409 1673 Ganymedibueu

290 1694 386 1777 raptis
420 1695 511 1775 atque
547 1694 579 1758 in
608 1692 775 1758 libidinum
808 1693 980 1758 ministeria
1013 1693 1212 1758 substitutis?
1249 1692 1326 1776 quid
1352 1708 1390 1774 pro

290 1795 347 1860 illa
370 1795 566 1862 conuersione
588 1795 778 1876 formiculae,
801 1795 834 1860 in
856 1813 948 1877 quam
970 1796 1111 1879 Iuppiter
1133 1796 1288 1861 maximus
1310 1795 1389 1859 uaed-

290 1899 367 1964 tntis
397 1916 469 1982 suae
498 1897 681 1963 liniamenta
709 1897 885 1964 contraxit?
917 1898 992 1980 quid
1014 1915 1068 1980 pro
1091 1899 1195 1981 cycnis
1217 1899 1250 1962 et
1274 1898 1390 1980 satyris?

291 2001 365 2084 quid
388 2020 442 2084 pro
464 2000 564 2066 aureis
586 1999 748 2076 imbribus,
771 2001 805 2064 in
827 2019 902 2083 quos
922 2001 1005 2066 idem
1020 2002 1167 2083 repellar
1181 2000 1290 2066 fraude
1305 1999 1389 2065 induit

290 2103 405 2186 perfide
426 2102 593 2168 formarum
615 2102 817 2168 cunetatibus
839 2102 969 2168 ludens?
992 2122 1028 2169 ae
1042 2123 1080 2168 ne
1096 2102 1133 2168 de
1147 2104 1221 2169 Ioue
1241 2105 1307 2168 solo
1322 2103 1388 2184 loqui
1395 2121 1423 2170 1⁵,

290 2208 451 2274 uideamur
472 2209 616 2286 uoluisse,
639 2208 672 2272 in
695 2207 851 2273 amoribus
866 2209 1028 2272 numinum
1043 2208 1232 2290 reliquorum
1247 2225 1314 2273 esse
1328 2208 1388 2272 alle·

293 2312 396 2394 goriae
427 2329 503 2392 quae
531 2312 673 2392 possunt,
703 2328 781 2392 quae
810 2310 842 2376 in
871 2312 1088 2376 mercennariis
1118 2311 1348 2376 condicionibus
1365 2327 1389 2374 ac

293 2413 512 2491 seruitutibus,
536 2431 613 2494 quae
634 2413 666 2476 in
690 2412 822 2478 uinculis
844 2413 1030 2480 orbitatibus
1052 2414 1243 2498 planctibus,
1278 2413 1389 2498 quaein

295 2515 482 2582 cruciatibus
504 2515 685 2580 uulneribus
707 2517 878 2598 sepulcris?
898 2517 931 2582 in
953 2535 1011 2600 quo
1034 2536 1104 2582 cum
1120 2538 1214 2582 uuam
1230 2517 1388 2583 contrahere

193 2639 211 2692 f.
223 2636 284 2690 raob
295 2618 425 2702 possetis
456 2620 593 2700 culpam,
616 2618 836 2701 conscriptione
858 2619 894 2685 de
917 2620 1034 2704 superis
1057 2621 1114 2686 tali
1135 2621 1316 2698 addidistis,
1340 2617 1344 2704 Ι
1365 2618 1408 2680 ute

294 2722 422 2798 dicitur,
445 2738 517 2806 garo
540 2739 658 2804 gerem,
682 2740 754 2786 cum
779 2723 904 2787 deorum
926 2723 1102 2789 nominibus
1125 2723 1338 2807 appellauistis
1356 2738 1390 2784 res

293 2826 396 2906 impes
419 2824 450 2888 et
465 2823 621 2890 uocabulis
636 2842 742 2888 rursus
759 2825 830 2890 deos
844 2844 947 2890 rerum
963 2825 1216 2908 coinquinauistis
1232 2825 1388 2890 infamium

294 2929 375 3009 quod
397 2927 424 2992 si
446 2927 550 2992 edesse
579 2927 630 2992 bic
652 2945 702 2992 eos
724 2928 778 2992 aut
801 2945 863 2992 esse
885 2928 957 2994 illos
980 2929 1102 3010 uspiam
1125 2929 1297 3013 cognitione
1318 2926 1388 2992 indu-

294 3029 419 3095 bitabili
443 3030 615 3108 crederetis,
638 3031 671 3095 in
694 3031 849 3096 mentione
871 3031 997 3096 illorum
1019 3026 1157 3098 facienda
1170 3031 1389 3114 praestringeret

294 3149 349 3196 uos
378 3135 480 3197 metus
514 3135 546 3198 et
578 3135 739 3214 umquam
773 3153 828 3199 uos
857 3133 1001 3200 audirent
1030 3135 1209 3216 uestraeque
1239 3132 1420 3222 adpetente,

328 3455 509 3511 abcoeemini
527 3457 554 3512 P
654 3457 760 3512 dcoitu
772 3456 826 3513 Sub
930 3457 1071 3512 occultatio
1088 3457 1150 3512 Gal:
1168 3457 1341 3527 occupatioP
1418 3445 1419 3454 ¹

294 3543 312 3597 4
329 3543 393 3597 uina
410 3542 481 3598 Sub:
498 3545 561 3597 uiua
579 3543 606 3597 P
703 3543 828 3598 bhiberi
843 3543 911 3599 Sub:
928 3543 1020 3598 liberis
1038 3543 1075 3599 ΡΑ
1167 3545 1322 3612 compressio
1338 3539 1389 3596 Sub:

295 3627 439 3697 impraescio
456 3629 484 3683 P
595 3628 819 3683 tadulteriorum
837 3629 890 3684 Sub
1002 3628 1157 3683 9fustibus
1175 3629 1230 3685 Sub
1341 3639 1388 3695 qut?

295 3713 363 3768 Sub:
386 3713 455 3784 quod
472 3715 499 3766 P
608 3714 641 3768 1o
657 3714 795 3769 semeleiae
812 3715 878 3769 Sub:
898 3715 1049 3770 semelectae
1067 3717 1092 3782 (c
1109 3719 1180 3784 mue)
1198 3715 1226 3768 P
1332 3712 1388 3779 urigo

294 3799 452 3855 Mecreiae:
476 3802 550 3870 origo
568 3800 595 3854 P
618 3800 728 3869 prurigo
756 3799 807 3855 Ure
943 3802 975 3854 11
997 3801 1081 3869 raptis
1104 3801 1137 3855 L.
1160 3800 1320 3867 memes,
1340 3799 1387 3854 oe:

294 3886 379 3954 partis
397 3886 424 3939 P
523 3886 669 3940 ministeria
686 3887 716 3940 P.
736 3885 852 3940 Ianitor:
874 3884 1031 3956 magisteria
1045 3886 1072 3941 P
1173 3889 1207 3941 13
1224 3888 1320 3957 satyris
1336 3883 1387 3939 Sol:

294 3971 392 4026 saturis
404 3973 432 4026 P
523 3973 555 4026 18
573 3971 746 4026 seruitutibus
764 3971 819 4026 Sub
830 3973 862 4026 in
874 3987 931 4026 err:
950 3972 1089 4027 seruitutis
1102 3973 1130 4027 P
1221 3973 1253 4028 19
1265 3968 1387 4043 sepulchris

295 4058 365 4112 Sub:
389 4057 500 4128 sepultis
518 4059 545 4112 P
657 4057 691 4110 20
708 4057 895 4127 conscriptioni
919 4057 971 4113 Ure
1080 4058 1130 4112 tali
1147 4060 1219 4113 Sub:
1236 4057 1340 4112 taliaP

296 4143 330 4197 21
348 4159 411 4213 garo
429 4144 526 4214 genem]
545 4158 707 4212 gangrenam
720 4143 775 4197 Sub
867 4159 970 4212 gerrem
982 4142 1059 4199 Salen
1149 4145 1183 4198 22
1201 4138 1386 4214 conquinauieh't

299 4247 353 4301 Sub
461 4248 495 4302 23
512 4247 629 4317 usspium
647 4247 676 4300 P
692 4250 792 4302 corre
901 4246 936 4302 24
952 4247 1094 4302 crederetis
1112 4246 1182 4303 Sub:
1205 4239 1302 4303 deictis
1314 4248 1349 4314 (tn
1357 4255 1386 4309 uo

298 4333 335 4401 ·.·)
352 4333 381 4387 P
480 4331 693 4387 attraherer
