<?xml version="1.0" encoding="UTF-8"?>
<!DOCTYPE html PUBLIC "-//W3C//DTD XHTML 1.0 Transitional//EN"
    "http://www.w3.org/TR/xhtml1/DTD/xhtml1-transitional.dtd">
<html xmlns="http://www.w3.org/1999/xhtml" xml:lang="en" lang="en">
 <head>
  <title>
</title>
<meta http-equiv="Content-Type" content="text/html;charset=utf-8" />
  <meta name='ocr-system' content='tesseract 3.04.00' />
  <meta name='ocr-capabilities' content='ocr_page ocr_carea ocr_par ocr_line ocrx_word'/>
</head>
<body>
  <div class='ocr_page' id='page_1' title='image "./corpusscriptoru09wissgoog_0167.png"; bbox 0 0 2916 5010; ppageno 0'>
   <div class='ocr_carea' id='block_1_1' title="bbox 275 428 1080 502">
    <p class='ocr_par' dir='ltr' id='par_1_1' title="bbox 275 428 1080 502">
     <span class='ocr_line' id='line_1_1' title="bbox 275 428 1080 502; baseline -0.006 -17"><span class='ocrx_word' id='word_1_1' title='bbox 275 435 336 502; x_wconf 82' lang='lat'>130</span> <span class='ocrx_word' id='word_1_2' title='bbox 573 429 713 484; x_wconf 84' lang='lat' dir='ltr'>Arnobii</span> <span class='ocrx_word' id='word_1_3' title='bbox 737 429 898 486; x_wconf 75' lang='lat' dir='ltr'>aduersus</span> <span class='ocrx_word' id='word_1_4' title='bbox 924 428 1080 482; x_wconf 81' lang='lat' dir='ltr'>nationes</span> 
     </span>
    </p>
   </div>
   <div class='ocr_carea' id='block_1_2' title="bbox 150 589 1426 3472">
    <p class='ocr_par' dir='ltr' id='par_1_2' title="bbox 150 589 1426 3472">
     <span class='ocr_line' id='line_1_2' title="bbox 269 589 1388 684; baseline -0.008 -12"><span class='ocrx_word' id='word_1_5' title='bbox 269 607 345 672; x_wconf 90' lang='lat' dir='ltr'>haec</span> <span class='ocrx_word' id='word_1_6' title='bbox 367 589 515 678; x_wconf 83' lang='lat' dir='ltr'>flammas,</span> <span class='ocrx_word' id='word_1_7' title='bbox 538 601 619 667; x_wconf 91' lang='lat' dir='ltr'>sicut</span> <span class='ocrx_word' id='word_1_8' title='bbox 633 601 801 684; x_wconf 88' lang='lat' dir='ltr'>perhibetis</span> <span class='ocrx_word' id='word_1_9' title='bbox 816 602 848 666; x_wconf 91' lang='lat' dir='ltr'>et</span> <span class='ocrx_word' id='word_1_10' title='bbox 867 601 1002 681; x_wconf 90' lang='lat' dir='ltr'>creditis,</span> <span class='ocrx_word' id='word_1_11' title='bbox 1024 599 1265 684; x_wconf 79' lang='lat' dir='ltr'>cogitationibus</span> <span class='ocrx_word' id='word_1_12' title='bbox 1283 598 1388 664; x_wconf 86' lang='lat' dir='ltr'>subdit</span> 
     </span>
     <span class='ocr_line' id='line_1_3' title="bbox 269 702 1391 787; baseline -0.006 -13"><span class='ocrx_word' id='word_1_13' title='bbox 269 708 426 784; x_wconf 87' lang='lat' dir='ltr'>humanis,</span> <span class='ocrx_word' id='word_1_14' title='bbox 457 704 597 787; x_wconf 92' lang='lat' dir='ltr'>sequitur</span> <span class='ocrx_word' id='word_1_15' title='bbox 618 705 654 769; x_wconf 92' lang='lat' dir='ltr'>ut</span> <span class='ocrx_word' id='word_1_16' title='bbox 676 703 819 787; x_wconf 76' lang='lat' dir='ltr'>intellegi</span> <span class='ocrx_word' id='word_1_17' title='bbox 848 703 977 782; x_wconf 80' lang='lat' dir='ltr'>debeat,</span> <span class='ocrx_word' id='word_1_18' title='bbox 1007 702 1153 786; x_wconf 92' lang='lat' dir='ltr'>quicquid</span> <span class='ocrx_word' id='word_1_19' title='bbox 1174 702 1255 768; x_wconf 90' lang='lat' dir='ltr'>labis</span> <span class='ocrx_word' id='word_1_20' title='bbox 1280 703 1314 768; x_wconf 93' lang='lat' dir='ltr'>et</span> <span class='ocrx_word' id='word_1_21' title='bbox 1337 703 1391 768; x_wconf 89' lang='lat' dir='ltr'>cri·</span> 
     </span>
     <span class='ocr_line' id='line_1_4' title="bbox 269 805 1393 889; baseline -0.005 -13"><span class='ocrx_word' id='word_1_22' title='bbox 269 811 365 876; x_wconf 90' lang='lat' dir='ltr'>minis</span> <span class='ocrx_word' id='word_1_23' title='bbox 387 810 426 874; x_wconf 88' lang='lat' dir='ltr'>ab</span> <span class='ocrx_word' id='word_1_24' title='bbox 449 807 568 872; x_wconf 87' lang='lat' dir='ltr'>insania</span> <span class='ocrx_word' id='word_1_25' title='bbox 594 806 798 889; x_wconf 90' lang='lat' dir='ltr'>proficiscitur</span> <span class='ocrx_word' id='word_1_26' title='bbox 824 807 891 886; x_wconf 84' lang='lat' dir='ltr'>tali,</span> <span class='ocrx_word' id='word_1_27' title='bbox 918 807 1058 872; x_wconf 85' lang='lat' dir='ltr'>Veneriis</span> <span class='ocrx_word' id='word_1_28' title='bbox 1081 807 1189 872; x_wconf 92' lang='lat' dir='ltr'>debere</span> <span class='ocrx_word' id='word_1_29' title='bbox 1210 805 1393 870; x_wconf 87' lang='lat' dir='ltr'>uulneribus</span> 
     </span>
     <span class='ocr_line' id='line_1_5' title="bbox 271 909 1394 996; baseline -0.004 -18"><span class='ocrx_word' id='word_1_30' title='bbox 271 911 429 996; x_wconf 88' lang='lat' dir='ltr'>imputari.</span> <span class='ocrx_word' id='word_1_31' title='bbox 464 927 572 993; x_wconf 83' lang='lat' dir='ltr'>ergone</span> <span class='ocrx_word' id='word_1_32' title='bbox 595 910 652 974; x_wconf 93' lang='lat' dir='ltr'>dea</span> <span class='ocrx_word' id='word_1_33' title='bbox 674 910 798 993; x_wconf 84' lang='lat' dir='ltr'>cogente</span> <span class='ocrx_word' id='word_1_34' title='bbox 820 909 854 973; x_wconf 93' lang='lat' dir='ltr'>in</span> <span class='ocrx_word' id='word_1_35' title='bbox 876 909 1022 976; x_wconf 88' lang='lat' dir='ltr'>uilissimi</span> <span class='ocrx_word' id='word_1_36' title='bbox 1037 909 1171 976; x_wconf 87' lang='lat' dir='ltr'>numinis</span> <span class='ocrx_word' id='word_1_37' title='bbox 1186 909 1293 974; x_wconf 86' lang='lat' dir='ltr'>scorta</span> <span class='ocrx_word' id='word_1_38' title='bbox 1308 926 1394 973; x_wconf 89' lang='lat' dir='ltr'>snam</span> 
     </span>
     <span class='ocr_line' id='line_1_6' title="bbox 273 1012 1416 1100; baseline -0.01 -14"><span class='ocrx_word' id='word_1_39' title='bbox 273 1017 394 1100; x_wconf 86' lang='lat' dir='ltr'>saepius</span> <span class='ocrx_word' id='word_1_40' title='bbox 415 1013 551 1099; x_wconf 92' lang='lat' dir='ltr'>produnt</span> <span class='ocrx_word' id='word_1_41' title='bbox 573 1013 668 1078; x_wconf 90' lang='lat' dir='ltr'>etiam</span> <span class='ocrx_word' id='word_1_42' title='bbox 690 1013 808 1078; x_wconf 93' lang='lat' dir='ltr'>nobiles</span> <span class='ocrx_word' id='word_1_43' title='bbox 824 1013 1018 1098; x_wconf 89' lang='lat' dir='ltr'>dignitatem,</span> <span class='ocrx_word' id='word_1_44' title='bbox 1040 1012 1221 1080; x_wconf 85' lang='lat' dir='ltr'>dissuantur</span> <span class='ocrx_word' id='word_1_45' title='bbox 1234 1012 1416 1076; x_wconf 74' lang='lat' dir='ltr'>tenaciune</span> 
     </span>
     <span class='ocr_line' id='line_1_7' title="bbox 269 1113 1393 1194; baseline -0.009 -6"><span class='ocrx_word' id='word_1_46' title='bbox 269 1118 539 1188; x_wconf 79' lang='lat' dir='ltr'>matrimoniorum</span> <span class='ocrx_word' id='word_1_47' title='bbox 568 1135 676 1194; x_wconf 83' lang='lat' dir='ltr'>nexus,</span> <span class='ocrx_word' id='word_1_48' title='bbox 710 1115 743 1180; x_wconf 93' lang='lat' dir='ltr'>in</span> <span class='ocrx_word' id='word_1_49' title='bbox 765 1115 899 1182; x_wconf 90' lang='lat' dir='ltr'>incestas</span> <span class='ocrx_word' id='word_1_50' title='bbox 928 1115 1073 1180; x_wconf 82' lang='lat' dir='ltr'>libidines</span> <span class='ocrx_word' id='word_1_51' title='bbox 1103 1113 1298 1180; x_wconf 88' lang='lat' dir='ltr'>necessitudo</span> <span class='ocrx_word' id='word_1_52' title='bbox 1323 1133 1393 1179; x_wconf 87' lang='lat' dir='ltr'>san·</span> 
     </span>
     <span class='ocr_line' id='line_1_8' title="bbox 268 1217 1394 1308; baseline -0.006 -20"><span class='ocrx_word' id='word_1_53' title='bbox 268 1223 373 1308; x_wconf 89' lang='lat' dir='ltr'>guinis</span> <span class='ocrx_word' id='word_1_54' title='bbox 396 1219 574 1297; x_wconf 73' lang='lat' dir='ltr'>inardescit,</span> <span class='ocrx_word' id='word_1_55' title='bbox 597 1219 754 1284; x_wconf 91' lang='lat' dir='ltr'>insaniunt</span> <span class='ocrx_word' id='word_1_56' title='bbox 775 1219 808 1285; x_wconf 93' lang='lat' dir='ltr'>in</span> <span class='ocrx_word' id='word_1_57' title='bbox 830 1219 943 1285; x_wconf 90' lang='lat' dir='ltr'>liberos</span> <span class='ocrx_word' id='word_1_58' title='bbox 965 1220 1090 1297; x_wconf 79' lang='lat' dir='ltr'>matres,</span> <span class='ocrx_word' id='word_1_59' title='bbox 1112 1221 1216 1301; x_wconf 86' lang='lat' dir='ltr'>patres</span> <span class='ocrx_word' id='word_1_60' title='bbox 1232 1217 1394 1302; x_wconf 87' lang='lat' dir='ltr'>uirginum</span> 
     </span>
     <span class='ocr_line' id='line_1_9' title="bbox 268 1321 1394 1403; baseline -0.006 -12"><span class='ocrx_word' id='word_1_61' title='bbox 268 1345 395 1392; x_wconf 86' lang='lat' dir='ltr'>suerum</span> <span class='ocrx_word' id='word_1_62' title='bbox 418 1325 492 1390; x_wconf 89' lang='lat' dir='ltr'>uota</span> <span class='ocrx_word' id='word_1_63' title='bbox 515 1323 547 1388; x_wconf 92' lang='lat' dir='ltr'>in</span> <span class='ocrx_word' id='word_1_64' title='bbox 570 1343 602 1388; x_wconf 91' lang='lat' dir='ltr'>se</span> <span class='ocrx_word' id='word_1_65' title='bbox 623 1324 759 1403; x_wconf 84' lang='lat' dir='ltr'>uertunt,</span> <span class='ocrx_word' id='word_1_66' title='bbox 783 1324 889 1388; x_wconf 88' lang='lat' dir='ltr'>contre</span> <span class='ocrx_word' id='word_1_67' title='bbox 910 1323 1000 1388; x_wconf 91' lang='lat' dir='ltr'>decus</span> <span class='ocrx_word' id='word_1_68' title='bbox 1023 1322 1134 1388; x_wconf 86' lang='lat' dir='ltr'>aetatis</span> <span class='ocrx_word' id='word_1_69' title='bbox 1156 1339 1242 1388; x_wconf 90' lang='lat' dir='ltr'>senes</span> <span class='ocrx_word' id='word_1_70' title='bbox 1265 1321 1303 1386; x_wconf 92' lang='lat' dir='ltr'>in</span> <span class='ocrx_word' id='word_1_71' title='bbox 1327 1323 1394 1386; x_wconf 93' lang='lat' dir='ltr'>obs-</span> 
     </span>
     <span class='ocr_line' id='line_1_10' title="bbox 269 1424 1395 1511; baseline -0.005 -16"><span class='ocrx_word' id='word_1_72' title='bbox 269 1447 357 1496; x_wconf 91' lang='lat' dir='ltr'>cenos</span> <span class='ocrx_word' id='word_1_73' title='bbox 380 1428 543 1511; x_wconf 85' lang='lat' dir='ltr'>ingemunt</span> <span class='ocrx_word' id='word_1_74' title='bbox 564 1426 645 1492; x_wconf 90' lang='lat' dir='ltr'>curis</span> <span class='ocrx_word' id='word_1_75' title='bbox 665 1427 860 1492; x_wconf 91' lang='lat' dir='ltr'>iuuenalibus</span> <span class='ocrx_word' id='word_1_76' title='bbox 886 1427 1051 1510; x_wconf 86' lang='lat' dir='ltr'>adpetitus,</span> <span class='ocrx_word' id='word_1_77' title='bbox 1075 1426 1228 1510; x_wconf 89' lang='lat' dir='ltr'>sepientes</span> <span class='ocrx_word' id='word_1_78' title='bbox 1249 1427 1284 1490; x_wconf 89' lang='lat' dir='ltr'>et</span> <span class='ocrx_word' id='word_1_79' title='bbox 1302 1424 1395 1489; x_wconf 86' lang='lat' dir='ltr'>fortes</span> 
     </span>
     <span class='ocr_line' id='line_1_11' title="bbox 269 1527 1418 1612; baseline -0.003 -16"><span class='ocrx_word' id='word_1_80' title='bbox 269 1533 330 1598; x_wconf 88' lang='lat' dir='ltr'>uiri</span> <span class='ocrx_word' id='word_1_81' title='bbox 353 1532 479 1596; x_wconf 91' lang='lat' dir='ltr'>soluunt</span> <span class='ocrx_word' id='word_1_82' title='bbox 501 1529 621 1594; x_wconf 88' lang='lat' dir='ltr'>decreta</span> <span class='ocrx_word' id='word_1_83' title='bbox 645 1530 835 1596; x_wconf 85' lang='lat' dir='ltr'>constantiae</span> <span class='ocrx_word' id='word_1_84' title='bbox 857 1529 1020 1594; x_wconf 88' lang='lat' dir='ltr'>uirilitatis</span> <span class='ocrx_word' id='word_1_85' title='bbox 1044 1529 1150 1612; x_wconf 89' lang='lat' dir='ltr'>uigore</span> <span class='ocrx_word' id='word_1_86' title='bbox 1180 1527 1324 1608; x_wconf 85' lang='lat' dir='ltr'>mollito,</span> <span class='ocrx_word' id='word_1_87' title='bbox 1351 1530 1418 1594; x_wconf 80' lang='lat' dir='ltr'>inu</span> 
     </span>
     <span class='ocr_line' id='line_1_12' title="bbox 269 1631 1396 1717; baseline -0.001 -19"><span class='ocrx_word' id='word_1_88' title='bbox 269 1634 435 1701; x_wconf 89' lang='lat' dir='ltr'>nectuntur</span> <span class='ocrx_word' id='word_1_89' title='bbox 464 1632 634 1698; x_wconf 90' lang='lat' dir='ltr'>ceruicibus</span> <span class='ocrx_word' id='word_1_90' title='bbox 667 1633 784 1715; x_wconf 84' lang='lat' dir='ltr'>laquei,</span> <span class='ocrx_word' id='word_1_91' title='bbox 820 1632 1063 1699; x_wconf 74' lang='lat' dir='ltr'>conscenduntur</span> <span class='ocrx_word' id='word_1_92' title='bbox 1099 1631 1249 1698; x_wconf 39' lang='lat' dir='ltr'>ardentes*</span> <span class='ocrx_word' id='word_1_93' title='bbox 1268 1633 1342 1717; x_wconf 85' lang='lat' dir='ltr'>rogi</span> <span class='ocrx_word' id='word_1_94' title='bbox 1370 1635 1396 1699; x_wconf 93' lang='lat' dir='ltr'>et</span> 
     </span>
     <span class='ocr_line' id='line_1_13' title="bbox 272 1733 1396 1819; baseline -0.001 -17"><span class='ocrx_word' id='word_1_95' title='bbox 272 1756 327 1819; x_wconf 89' lang='lat' dir='ltr'>per</span> <span class='ocrx_word' id='word_1_96' title='bbox 349 1737 455 1809; x_wconf 87' lang='lat' dir='ltr'>uastas</span> <span class='ocrx_word' id='word_1_97' title='bbox 479 1737 571 1817; x_wconf 89' lang='lat' dir='ltr'>atque</span> <span class='ocrx_word' id='word_1_98' title='bbox 594 1736 763 1802; x_wconf 88' lang='lat' dir='ltr'>altissimas</span> <span class='ocrx_word' id='word_1_99' title='bbox 785 1755 875 1818; x_wconf 92' lang='lat' dir='ltr'>rupes</span> <span class='ocrx_word' id='word_1_100' title='bbox 897 1736 1014 1802; x_wconf 81' lang='lat' dir='ltr'>iaciunt</span> <span class='ocrx_word' id='word_1_101' title='bbox 1029 1753 1061 1802; x_wconf 91' lang='lat' dir='ltr'>se</span> <span class='ocrx_word' id='word_1_102' title='bbox 1076 1735 1192 1818; x_wconf 89' lang='lat' dir='ltr'>passim</span> <span class='ocrx_word' id='word_1_103' title='bbox 1207 1733 1396 1800; x_wconf 88' lang='lat' dir='ltr'>uoluntariis</span> 
     </span>
     <span class='ocr_line' id='line_1_14' title="bbox 224 1837 1396 1923; baseline -0.008 -13"><span class='ocrx_word' id='word_1_104' title='bbox 224 1848 264 1910; x_wconf 75' lang='lat'>28</span> <span class='ocrx_word' id='word_1_105' title='bbox 275 1840 406 1906; x_wconf 87' lang='lat' dir='ltr'>saltibus</span> <span class='ocrx_word' id='word_1_106' title='bbox 422 1839 642 1923; x_wconf 77' lang='lat' dir='ltr'>praecipitati?</span> <span class='ocrx_word' id='word_1_107' title='bbox 663 1839 864 1921; x_wconf 83' lang='lat' dir='ltr'>quisquamne</span> <span class='ocrx_word' id='word_1_108' title='bbox 882 1840 929 1904; x_wconf 90' lang='lat' dir='ltr'>est</span> <span class='ocrx_word' id='word_1_109' title='bbox 943 1839 1103 1904; x_wconf 90' lang='lat' dir='ltr'>huminum</span> <span class='ocrx_word' id='word_1_110' title='bbox 1118 1837 1247 1905; x_wconf 88' lang='lat' dir='ltr'>rationis</span> <span class='ocrx_word' id='word_1_111' title='bbox 1262 1837 1396 1904; x_wconf 89' lang='lat' dir='ltr'>alicuius</span> 
     </span>
     <span class='ocr_line' id='line_1_15' title="bbox 271 1941 1396 2026; baseline -0.002 -18"><span class='ocrx_word' id='word_1_112' title='bbox 271 1942 451 2026; x_wconf 87' lang='lat' dir='ltr'>primordiis</span> <span class='ocrx_word' id='word_1_113' title='bbox 485 1941 626 2018; x_wconf 83' lang='lat' dir='ltr'>indutus,</span> <span class='ocrx_word' id='word_1_114' title='bbox 660 1941 713 2023; x_wconf 92' lang='lat' dir='ltr'>qui</span> <span class='ocrx_word' id='word_1_115' title='bbox 746 1941 923 2006; x_wconf 89' lang='lat' dir='ltr'>diuinitatis</span> <span class='ocrx_word' id='word_1_116' title='bbox 957 1941 1164 2007; x_wconf 87' lang='lat' dir='ltr'>substantiam</span> <span class='ocrx_word' id='word_1_117' title='bbox 1197 1943 1264 2006; x_wconf 89' lang='lat' dir='ltr'>tam</span> <span class='ocrx_word' id='word_1_118' title='bbox 1299 1941 1396 2007; x_wconf 88' lang='lat' dir='ltr'>foedis</span> 
     </span>
     <span class='ocr_line' id='line_1_16' title="bbox 188 2044 1419 2132; baseline -0.003 -22"><span class='ocrx_word' id='word_1_119' title='bbox 188 2047 394 2128; x_wconf 70' lang='lat' dir='ltr'>tucbpolluat</span> <span class='ocrx_word' id='word_1_120' title='bbox 417 2045 470 2110; x_wconf 92' lang='lat' dir='ltr'>aut</span> <span class='ocrx_word' id='word_1_121' title='bbox 493 2046 682 2111; x_wconf 78' lang='lat' dir='ltr'>contaminet</span> <span class='ocrx_word' id='word_1_122' title='bbox 707 2044 711 2132; x_wconf 68' lang='lat' dir='ltr'>i</span> <span class='ocrx_word' id='word_1_123' title='bbox 737 2046 896 2111; x_wconf 81' lang='lat' dir='ltr'>moribus?</span> <span class='ocrx_word' id='word_1_124' title='bbox 929 2046 982 2128; x_wconf 92' lang='lat' dir='ltr'>qui</span> <span class='ocrx_word' id='word_1_125' title='bbox 1010 2046 1134 2110; x_wconf 85' lang='lat' dir='ltr'>naturas</span> <span class='ocrx_word' id='word_1_126' title='bbox 1161 2045 1315 2110; x_wconf 87' lang='lat' dir='ltr'>attribuat</span> <span class='ocrx_word' id='word_1_127' title='bbox 1339 2047 1419 2112; x_wconf 82' lang='lat' dir='ltr'>diisu</span> 
     </span>
     <span class='ocr_line' id='line_1_17' title="bbox 269 2147 1397 2232; baseline -0.002 -17"><span class='ocrx_word' id='word_1_128' title='bbox 269 2150 357 2226; x_wconf 84' lang='lat' dir='ltr'>tales,</span> <span class='ocrx_word' id='word_1_129' title='bbox 380 2167 454 2231; x_wconf 82' lang='lat' dir='ltr'>quas</span> <span class='ocrx_word' id='word_1_130' title='bbox 477 2147 509 2212; x_wconf 95' lang='lat' dir='ltr'>in</span> <span class='ocrx_word' id='word_1_131' title='bbox 532 2147 707 2231; x_wconf 88' lang='lat' dir='ltr'>agrestibus</span> <span class='ocrx_word' id='word_1_132' title='bbox 729 2147 829 2212; x_wconf 89' lang='lat' dir='ltr'>beluis</span> <span class='ocrx_word' id='word_1_133' title='bbox 851 2149 989 2214; x_wconf 89' lang='lat' dir='ltr'>lenitudo</span> <span class='ocrx_word' id='word_1_134' title='bbox 1005 2167 1093 2232; x_wconf 88' lang='lat' dir='ltr'>saepe</span> <span class='ocrx_word' id='word_1_135' title='bbox 1116 2147 1281 2230; x_wconf 87' lang='lat' dir='ltr'>permulsit</span> <span class='ocrx_word' id='word_1_136' title='bbox 1304 2153 1397 2231; x_wconf 89' lang='lat' dir='ltr'>atque</span> 
     </span>
     <span class='ocr_line' id='line_1_18' title="bbox 273 2250 1397 2334; baseline -0.004 -15"><span class='ocrx_word' id='word_1_137' title='bbox 273 2252 452 2320; x_wconf 83' lang='lat' dir='ltr'>ertenuauit</span> <span class='ocrx_word' id='word_1_138' title='bbox 473 2252 628 2317; x_wconf 80' lang='lat' dir='ltr'>humana?</span> <span class='ocrx_word' id='word_1_139' title='bbox 662 2251 941 2333; x_wconf 87' lang='lat' dir='ltr'>ubinam,.quaeso‚</span> <span class='ocrx_word' id='word_1_140' title='bbox 965 2252 1012 2317; x_wconf 90' lang='lat' dir='ltr'>est</span> <span class='ocrx_word' id='word_1_141' title='bbox 1032 2251 1121 2330; x_wconf 84' lang='lat' dir='ltr'>illud,</span> <span class='ocrx_word' id='word_1_142' title='bbox 1147 2250 1227 2334; x_wconf 93' lang='lat' dir='ltr'>quod</span> <span class='ocrx_word' id='word_1_143' title='bbox 1249 2251 1290 2316; x_wconf 85' lang='lat' dir='ltr'>ab</span> <span class='ocrx_word' id='word_1_144' title='bbox 1314 2252 1397 2318; x_wconf 89' lang='lat' dir='ltr'>omni</span> 
     </span>
     <span class='ocr_line' id='line_1_19' title="bbox 270 2353 1396 2440; baseline 0 -19"><span class='ocrx_word' id='word_1_145' title='bbox 270 2354 512 2439; x_wconf 87' lang='lat' dir='ltr'>perturbationis</span> <span class='ocrx_word' id='word_1_146' title='bbox 536 2353 658 2418; x_wconf 87' lang='lat' dir='ltr'>adiectu</span> <span class='ocrx_word' id='word_1_147' title='bbox 681 2353 726 2418; x_wconf 91' lang='lat' dir='ltr'>dii</span> <span class='ocrx_word' id='word_1_148' title='bbox 748 2353 854 2436; x_wconf 89' lang='lat' dir='ltr'>procul</span> <span class='ocrx_word' id='word_1_149' title='bbox 878 2355 972 2420; x_wconf 87' lang='lat' dir='ltr'>amoti</span> <span class='ocrx_word' id='word_1_150' title='bbox 994 2355 1075 2432; x_wconf 86' lang='lat' dir='ltr'>sunt,</span> <span class='ocrx_word' id='word_1_151' title='bbox 1105 2355 1186 2436; x_wconf 93' lang='lat' dir='ltr'>quod</span> <span class='ocrx_word' id='word_1_152' title='bbox 1213 2353 1301 2420; x_wconf 88' lang='lat' dir='ltr'>lenes</span> <span class='ocrx_word' id='word_1_153' title='bbox 1329 2357 1396 2440; x_wconf 87' lang='lat' dir='ltr'>pla·</span> 
     </span>
     <span class='ocr_line' id='line_1_20' title="bbox 271 2455 1397 2541; baseline 0.001 -16"><span class='ocrx_word' id='word_1_154' title='bbox 271 2460 332 2526; x_wconf 92' lang='lat' dir='ltr'>cidi</span> <span class='ocrx_word' id='word_1_155' title='bbox 357 2458 466 2535; x_wconf 86' lang='lat' dir='ltr'>mites,</span> <span class='ocrx_word' id='word_1_156' title='bbox 500 2458 580 2538; x_wconf 94' lang='lat' dir='ltr'>quod</span> <span class='ocrx_word' id='word_1_157' title='bbox 602 2455 634 2520; x_wconf 90' lang='lat' dir='ltr'>in</span> <span class='ocrx_word' id='word_1_158' title='bbox 656 2474 764 2539; x_wconf 87' lang='lat' dir='ltr'>genere</span> <span class='ocrx_word' id='word_1_159' title='bbox 788 2455 915 2523; x_wconf 89' lang='lat' dir='ltr'>uirtutis</span> <span class='ocrx_word' id='word_1_160' title='bbox 944 2457 1032 2522; x_wconf 92' lang='lat' dir='ltr'>unito</span> <span class='ocrx_word' id='word_1_161' title='bbox 1058 2457 1253 2540; x_wconf 88' lang='lat' dir='ltr'>perfectionis</span> <span class='ocrx_word' id='word_1_162' title='bbox 1275 2459 1397 2541; x_wconf 85' lang='lat' dir='ltr'>apicem</span> 
     </span>
     <span class='ocr_line' id='line_1_21' title="bbox 270 2559 1422 2646; baseline -0.003 -17"><span class='ocrx_word' id='word_1_163' title='bbox 270 2566 363 2646; x_wconf 88' lang='lat' dir='ltr'>atque</span> <span class='ocrx_word' id='word_1_164' title='bbox 384 2562 482 2645; x_wconf 91' lang='lat' dir='ltr'>ipsius</span> <span class='ocrx_word' id='word_1_165' title='bbox 505 2561 638 2626; x_wconf 89' lang='lat' dir='ltr'>retinent</span> <span class='ocrx_word' id='word_1_166' title='bbox 661 2559 830 2643; x_wconf 80' lang='lat' dir='ltr'>sapienciae</span> <span class='ocrx_word' id='word_1_167' title='bbox 853 2562 1090 2626; x_wconf 80' lang='lat' dir='ltr'>summitatem?</span> <span class='ocrx_word' id='word_1_168' title='bbox 1112 2562 1166 2627; x_wconf 91' lang='lat' dir='ltr'>eut</span> <span class='ocrx_word' id='word_1_169' title='bbox 1189 2579 1244 2628; x_wconf 89' lang='lat' dir='ltr'>cur</span> <span class='ocrx_word' id='word_1_170' title='bbox 1259 2580 1313 2628; x_wconf 87' lang='lat' dir='ltr'>eos</span> <span class='ocrx_word' id='word_1_171' title='bbox 1329 2582 1422 2629; x_wconf 76' lang='lat' dir='ltr'>ora-n</span> 
     </span>
     <span class='ocr_line' id='line_1_22' title="bbox 270 2663 1398 2747; baseline 0 -15"><span class='ocrx_word' id='word_1_172' title='bbox 270 2687 349 2746; x_wconf 91' lang='lat' dir='ltr'>mus,</span> <span class='ocrx_word' id='word_1_173' title='bbox 371 2666 408 2731; x_wconf 93' lang='lat' dir='ltr'>ut</span> <span class='ocrx_word' id='word_1_174' title='bbox 429 2683 448 2729; x_wconf 90' lang='lat' dir='ltr'>a</span> <span class='ocrx_word' id='word_1_175' title='bbox 469 2663 557 2729; x_wconf 92' lang='lat' dir='ltr'>nobis</span> <span class='ocrx_word' id='word_1_176' title='bbox 580 2665 708 2729; x_wconf 89' lang='lat' dir='ltr'>aduersa</span> <span class='ocrx_word' id='word_1_177' title='bbox 730 2665 821 2746; x_wconf 89' lang='lat' dir='ltr'>atque</span> <span class='ocrx_word' id='word_1_178' title='bbox 842 2663 970 2730; x_wconf 86' lang='lat' dir='ltr'>inimica</span> <span class='ocrx_word' id='word_1_179' title='bbox 990 2665 1171 2747; x_wconf 82' lang='lat' dir='ltr'>propellant,</span> <span class='ocrx_word' id='word_1_180' title='bbox 1196 2666 1398 2732; x_wconf 81' lang='lat' dir='ltr'>etmalorum</span> 
     </span>
     <span class='ocr_line' id='line_1_23' title="bbox 269 2767 1399 2851; baseline 0 -17"><span class='ocrx_word' id='word_1_181' title='bbox 269 2770 408 2836; x_wconf 91' lang='lat' dir='ltr'>omnium</span> <span class='ocrx_word' id='word_1_182' title='bbox 437 2768 549 2850; x_wconf 91' lang='lat' dir='ltr'>quibus</span> <span class='ocrx_word' id='word_1_183' title='bbox 578 2767 691 2832; x_wconf 92' lang='lat' dir='ltr'>cotidie</span> <span class='ocrx_word' id='word_1_184' title='bbox 719 2767 874 2851; x_wconf 90' lang='lat' dir='ltr'>carpimur</span> <span class='ocrx_word' id='word_1_185' title='bbox 903 2768 963 2850; x_wconf 94' lang='lat' dir='ltr'>ipsi</span> <span class='ocrx_word' id='word_1_186' title='bbox 994 2786 1059 2832; x_wconf 90' lang='lat' dir='ltr'>esse</span> <span class='ocrx_word' id='word_1_187' title='bbox 1087 2768 1176 2834; x_wconf 89' lang='lat' dir='ltr'>nubis</span> <span class='ocrx_word' id='word_1_188' title='bbox 1199 2771 1399 2851; x_wconf 84' lang='lat' dir='ltr'>reperiuntur</span> 
     </span>
     <span class='ocr_line' id='line_1_24' title="bbox 271 2871 1399 2955; baseline -0.001 -17"><span class='ocrx_word' id='word_1_189' title='bbox 271 2875 430 2938; x_wconf 79' lang='lat' dir='ltr'>auctores?</span> <span class='ocrx_word' id='word_1_190' title='bbox 463 2871 694 2953; x_wconf 88' lang='lat' dir='ltr'>quantumlibet</span> <span class='ocrx_word' id='word_1_191' title='bbox 725 2891 780 2938; x_wconf 93' lang='lat' dir='ltr'>nos</span> <span class='ocrx_word' id='word_1_192' title='bbox 809 2872 936 2954; x_wconf 83' lang='lat' dir='ltr'>impios,</span> <span class='ocrx_word' id='word_1_193' title='bbox 967 2871 1160 2955; x_wconf 88' lang='lat' dir='ltr'>inreligiosus</span> <span class='ocrx_word' id='word_1_194' title='bbox 1191 2873 1313 2938; x_wconf 83' lang='lat' dir='ltr'>uocatis</span> <span class='ocrx_word' id='word_1_195' title='bbox 1344 2877 1399 2938; x_wconf 89' lang='lat' dir='ltr'>aut</span> 
     </span>
     <span class='ocr_line' id='line_1_25' title="bbox 271 2973 1398 3055; baseline 0.002 -15"><span class='ocrx_word' id='word_1_196' title='bbox 271 2975 385 3054; x_wconf 86' lang='lat' dir='ltr'>atheos,</span> <span class='ocrx_word' id='word_1_197' title='bbox 409 2993 579 3055; x_wconf 91' lang='lat' dir='ltr'>numquam</span> <span class='ocrx_word' id='word_1_198' title='bbox 600 2973 693 3038; x_wconf 91' lang='lat' dir='ltr'>fidem</span> <span class='ocrx_word' id='word_1_199' title='bbox 714 2974 834 3039; x_wconf 87' lang='lat' dir='ltr'>facietis</span> <span class='ocrx_word' id='word_1_200' title='bbox 856 2993 921 3040; x_wconf 88' lang='lat' dir='ltr'>esee</span> <span class='ocrx_word' id='word_1_201' title='bbox 943 2993 1085 3041; x_wconf 86' lang='lat' dir='ltr'>amorum</span> <span class='ocrx_word' id='word_1_202' title='bbox 1107 2975 1189 3054; x_wconf 84' lang='lat' dir='ltr'>deos,</span> <span class='ocrx_word' id='word_1_203' title='bbox 1213 2993 1280 3039; x_wconf 90' lang='lat' dir='ltr'>esse</span> <span class='ocrx_word' id='word_1_204' title='bbox 1297 2977 1398 3042; x_wconf 90' lang='lat' dir='ltr'>beilo-</span> 
     </span>
     <span class='ocr_line' id='line_1_26' title="bbox 271 3077 1426 3160; baseline 0.001 -19"><span class='ocrx_word' id='word_1_205' title='bbox 271 3097 349 3155; x_wconf 84' lang='lat' dir='ltr'>rum‚</span> <span class='ocrx_word' id='word_1_206' title='bbox 373 3095 438 3142; x_wconf 88' lang='lat' dir='ltr'>esse</span> <span class='ocrx_word' id='word_1_207' title='bbox 459 3078 513 3158; x_wconf 92' lang='lat' dir='ltr'>qui</span> <span class='ocrx_word' id='word_1_208' title='bbox 537 3077 701 3142; x_wconf 89' lang='lat' dir='ltr'>discordias</span> <span class='ocrx_word' id='word_1_209' title='bbox 723 3079 890 3157; x_wconf 77' lang='lat' dir='ltr'>conserant,</span> <span class='ocrx_word' id='word_1_210' title='bbox 915 3077 968 3160; x_wconf 93' lang='lat' dir='ltr'>qui</span> <span class='ocrx_word' id='word_1_211' title='bbox 984 3078 1150 3144; x_wconf 78' lang='lat' dir='ltr'>initialibus</span> <span class='ocrx_word' id='word_1_212' title='bbox 1167 3079 1310 3144; x_wconf 90' lang='lat' dir='ltr'>stimulis</span> <span class='ocrx_word' id='word_1_213' title='bbox 1326 3080 1426 3144; x_wconf 76' lang='lat' dir='ltr'>ani-es</span> 
     </span>
     <span class='ocr_line' id='line_1_27' title="bbox 270 3180 1399 3264; baseline 0.001 -18"><span class='ocrx_word' id='word_1_214' title='bbox 270 3199 336 3246; x_wconf 89' lang='lat' dir='ltr'>mos</span> <span class='ocrx_word' id='word_1_215' title='bbox 359 3180 540 3261; x_wconf 92' lang='lat' dir='ltr'>inquietent.</span> <span class='ocrx_word' id='word_1_216' title='bbox 575 3183 630 3247; x_wconf 87' lang='lat' dir='ltr'>aut</span> <span class='ocrx_word' id='word_1_217' title='bbox 652 3180 733 3247; x_wconf 82' lang='lat' dir='ltr'>einim</span> <span class='ocrx_word' id='word_1_218' title='bbox 755 3182 916 3248; x_wconf 88' lang='lat' dir='ltr'>uerissime</span> <span class='ocrx_word' id='word_1_219' title='bbox 938 3181 982 3246; x_wconf 92' lang='lat' dir='ltr'>dii</span> <span class='ocrx_word' id='word_1_220' title='bbox 1005 3183 1087 3261; x_wconf 85' lang='lat' dir='ltr'>sunt,</span> <span class='ocrx_word' id='word_1_221' title='bbox 1110 3183 1142 3247; x_wconf 94' lang='lat' dir='ltr'>et</span> <span class='ocrx_word' id='word_1_222' title='bbox 1163 3201 1199 3248; x_wconf 86' lang='lat' dir='ltr'>ea</span> <span class='ocrx_word' id='word_1_223' title='bbox 1214 3201 1295 3264; x_wconf 89' lang='lat' dir='ltr'>quae</span> <span class='ocrx_word' id='word_1_224' title='bbox 1311 3202 1399 3248; x_wconf 91' lang='lat' dir='ltr'>com-</span> 
     </span>
     <span class='ocr_line' id='line_1_28' title="bbox 270 3283 1399 3368; baseline 0.002 -20"><span class='ocrx_word' id='word_1_225' title='bbox 270 3283 464 3348; x_wconf 88' lang='lat' dir='ltr'>memorastis</span> <span class='ocrx_word' id='word_1_226' title='bbox 494 3303 553 3350; x_wconf 93' lang='lat' dir='ltr'>non</span> <span class='ocrx_word' id='word_1_227' title='bbox 583 3283 718 3350; x_wconf 86' lang='lat' dir='ltr'>faciunt:</span> <span class='ocrx_word' id='word_1_228' title='bbox 752 3288 807 3350; x_wconf 88' lang='lat' dir='ltr'>aut</span> <span class='ocrx_word' id='word_1_229' title='bbox 829 3286 856 3349; x_wconf 93' lang='lat' dir='ltr'>si</span> <span class='ocrx_word' id='word_1_230' title='bbox 878 3284 996 3350; x_wconf 86' lang='lat' dir='ltr'>faciunt</span> <span class='ocrx_word' id='word_1_231' title='bbox 1018 3305 1151 3368; x_wconf 86' lang='lat' dir='ltr'>eaquae</span> <span class='ocrx_word' id='word_1_232' title='bbox 1175 3285 1297 3364; x_wconf 89' lang='lat' dir='ltr'>dicitis,</span> <span class='ocrx_word' id='word_1_233' title='bbox 1330 3289 1399 3352; x_wconf 88' lang='lat' dir='ltr'>sine</span> 
     </span>
     <span class='ocr_line' id='line_1_29' title="bbox 150 3385 1398 3472; baseline 0.002 -21"><span class='ocrx_word' id='word_1_234' title='bbox 150 3404 159 3426; x_wconf 70' lang='lat'>⁸</span> <span class='ocrx_word' id='word_1_235' title='bbox 221 3386 338 3453; x_wconf 65' lang='lat' dir='ltr'>”ulla</span> <span class='ocrx_word' id='word_1_236' title='bbox 368 3385 561 3452; x_wconf 89' lang='lat' dir='ltr'>dubitatione</span> <span class='ocrx_word' id='word_1_237' title='bbox 591 3388 635 3452; x_wconf 93' lang='lat' dir='ltr'>dii</span> <span class='ocrx_word' id='word_1_238' title='bbox 664 3405 723 3454; x_wconf 93' lang='lat' dir='ltr'>non</span> <span class='ocrx_word' id='word_1_239' title='bbox 745 3389 826 3453; x_wconf 89' lang='lat' dir='ltr'>sunt.</span> <span class='ocrx_word' id='word_1_240' title='bbox 861 3390 892 3452; x_wconf 90' lang='lat' dir='ltr'>et</span> <span class='ocrx_word' id='word_1_241' title='bbox 914 3389 1020 3454; x_wconf 81' lang='lat' dir='ltr'>tamen</span> <span class='ocrx_word' id='word_1_242' title='bbox 1042 3407 1201 3471; x_wconf 90' lang='lat' dir='ltr'>possemus</span> <span class='ocrx_word' id='word_1_243' title='bbox 1223 3389 1398 3472; x_wconf 91' lang='lat' dir='ltr'>utcumque</span> 
     </span>
    </p>
   </div>
   <div class='ocr_carea' id='block_1_3' title="bbox 191 3589 1399 4415">
    <p class='ocr_par' dir='ltr' id='par_1_3' title="bbox 191 3589 1399 3742">
     <span class='ocr_line' id='line_1_30' title="bbox 191 3589 1331 3655; baseline 0.007 -15"><span class='ocrx_word' id='word_1_244' title='bbox 191 3633 195 3640; x_wconf 86' lang='grc'><strong><em>,</em></strong></span> <span class='ocrx_word' id='word_1_245' title='bbox 303 3589 388 3643; x_wconf 85' lang='lat' dir='ltr'>3tali</span> <span class='ocrx_word' id='word_1_246' title='bbox 412 3589 478 3644; x_wconf 87' lang='lat' dir='ltr'>Ure.-</span> <span class='ocrx_word' id='word_1_247' title='bbox 495 3589 571 3655; x_wconf 77' lang='lat' dir='ltr'>talib3</span> <span class='ocrx_word' id='word_1_248' title='bbox 588 3591 615 3643; x_wconf 93' lang='lat' dir='ltr'><strong><em>P</em></strong></span> <span class='ocrx_word' id='word_1_249' title='bbox 716 3591 826 3645; x_wconf 88' lang='lat' dir='ltr'>Veneris</span> <span class='ocrx_word' id='word_1_250' title='bbox 842 3591 900 3653; x_wconf 66' lang='lat' dir='ltr'>,Urs</span> <span class='ocrx_word' id='word_1_251' title='bbox 1001 3591 1094 3645; x_wconf 83' lang='lat' dir='ltr'>debers</span> <span class='ocrx_word' id='word_1_252' title='bbox 1109 3592 1173 3646; x_wconf 73' lang='lat' dir='ltr'>ceu:</span> <span class='ocrx_word' id='word_1_253' title='bbox 1191 3592 1331 3648; x_wconf 87' lang='lat' dir='ltr'>debeatP</span> 
     </span>
     <span class='ocr_line' id='line_1_31' title="bbox 270 3675 1399 3742; baseline 0.001 -10"><span class='ocrx_word' id='word_1_254' title='bbox 270 3676 378 3732; x_wconf 68' lang='lat' dir='ltr'>inuam</span> <span class='ocrx_word' id='word_1_255' title='bbox 397 3675 460 3742; x_wconf 78' lang='lat' dir='ltr'>Sub,</span> <span class='ocrx_word' id='word_1_256' title='bbox 477 3691 505 3728; x_wconf 82' lang='lat' dir='ltr'>r:</span> <span class='ocrx_word' id='word_1_257' title='bbox 522 3691 570 3730; x_wconf 90' lang='lat' dir='ltr'>sua</span> <span class='ocrx_word' id='word_1_258' title='bbox 587 3677 615 3730; x_wconf 96' lang='lat' dir='ltr'><strong><em>P</em></strong></span> <span class='ocrx_word' id='word_1_259' title='bbox 715 3677 905 3730; x_wconf 81' lang='lat' dir='ltr'>bdissuuntur</span> <span class='ocrx_word' id='word_1_260' title='bbox 922 3678 991 3732; x_wconf 80' lang='lat' dir='ltr'>Sub:</span> <span class='ocrx_word' id='word_1_261' title='bbox 1020 3678 1211 3732; x_wconf 69' lang='lat' dir='ltr'>dissuriun‘tur</span> <span class='ocrx_word' id='word_1_262' title='bbox 1227 3680 1267 3734; x_wconf 81' lang='lat' dir='ltr'>sic</span> <span class='ocrx_word' id='word_1_263' title='bbox 1285 3679 1314 3732; x_wconf 92' lang='lat' dir='ltr'><em>P</em></span> <span class='ocrx_word' id='word_1_264' title='bbox 1341 3681 1399 3734; x_wconf 88' lang='lat' dir='ltr'>dis·</span> 
     </span>
    </p>

    <p class='ocr_par' dir='ltr' id='par_1_4' title="bbox 200 3760 1399 4415">
     <span class='ocr_line' id='line_1_32' title="bbox 200 3760 1399 3828; baseline 0.006 -15"><span class='ocrx_word' id='word_1_265' title='bbox 200 3781 202 3787; x_wconf 94' lang='lat'>·</span> <span class='ocrx_word' id='word_1_266' title='bbox 270 3761 399 3814; x_wconf 88' lang='lat' dir='ltr'>uniuntur</span> <span class='ocrx_word' id='word_1_267' title='bbox 412 3760 487 3814; x_wconf 80' lang='lat' dir='ltr'>Salon</span> <span class='ocrx_word' id='word_1_268' title='bbox 588 3762 723 3816; x_wconf 86' lang='lat' dir='ltr'>tenacium</span> <span class='ocrx_word' id='word_1_269' title='bbox 736 3761 843 3828; x_wconf 72' lang='lat' dir='ltr'>Subr:</span> <span class='ocrx_word' id='word_1_270' title='bbox 861 3763 1036 3818; x_wconf 86' lang='lat' dir='ltr'>tenaciumP</span> <span class='ocrx_word' id='word_1_271' title='bbox 1052 3766 1157 3818; x_wconf 86' lang='lat' dir='ltr'>tenaces</span> <span class='ocrx_word' id='word_1_272' title='bbox 1173 3765 1226 3819; x_wconf 84' lang='lat' dir='ltr'>Ure</span> <span class='ocrx_word' id='word_1_273' title='bbox 1332 3766 1399 3820; x_wconf 80' lang='lat' dir='ltr'>bin</span> 
     </span>
     <span class='ocr_line' id='line_1_33' title="bbox 270 3846 1328 3906; baseline 0.004 -6"><span class='ocrx_word' id='word_1_274' title='bbox 270 3846 326 3900; x_wconf 84' lang='lat' dir='ltr'>odd</span> <span class='ocrx_word' id='word_1_275' title='bbox 344 3847 505 3901; x_wconf 79' lang='lat' dir='ltr'>Stcwccluius</span> <span class='ocrx_word' id='word_1_276' title='bbox 628 3848 729 3902; x_wconf 89' lang='lat' dir='ltr'>incesta</span> <span class='ocrx_word' id='word_1_277' title='bbox 745 3848 858 3904; x_wconf 90' lang='lat' dir='ltr'>libidine</span> <span class='ocrx_word' id='word_1_278' title='bbox 877 3849 932 3904; x_wconf 80' lang='lat' dir='ltr'>Sub</span> <span class='ocrx_word' id='word_1_279' title='bbox 1053 3849 1249 3904; x_wconf 76' lang='lat' dir='ltr'>oiuuenilibus</span> <span class='ocrx_word' id='word_1_280' title='bbox 1269 3849 1328 3906; x_wconf 77' lang='lat' dir='ltr'>Sub</span> 
     </span>
     <span class='ocr_line' id='line_1_34' title="bbox 272 3931 1328 4004; baseline 0.004 -18"><span class='ocrx_word' id='word_1_281' title='bbox 272 3931 304 3986; x_wconf 86' lang='lat'>14</span> <span class='ocrx_word' id='word_1_282' title='bbox 315 3932 435 3986; x_wconf 87' lang='lat' dir='ltr'>imbutus</span> <span class='ocrx_word' id='word_1_283' title='bbox 447 3933 503 3987; x_wconf 71' lang='lat' dir='ltr'>Sco</span> <span class='ocrx_word' id='word_1_284' title='bbox 576 3932 754 3988; x_wconf 84' lang='lat' dir='ltr'>substantiam</span> <span class='ocrx_word' id='word_1_285' title='bbox 764 3935 875 4003; x_wconf 73' lang='lat' dir='ltr'>scripsi:</span> <span class='ocrx_word' id='word_1_286' title='bbox 887 3937 1064 3990; x_wconf 80' lang='lat' dir='ltr'>constantiam</span> <span class='ocrx_word' id='word_1_287' title='bbox 1077 3936 1105 3988; x_wconf 93' lang='lat' dir='ltr'><strong><em>P</em></strong></span> <span class='ocrx_word' id='word_1_288' title='bbox 1173 3937 1207 3990; x_wconf 83' lang='lat'>16</span> <span class='ocrx_word' id='word_1_289' title='bbox 1218 3951 1285 4004; x_wconf 85' lang='lat' dir='ltr'>quas</span> <span class='ocrx_word' id='word_1_290' title='bbox 1298 3937 1328 3990; x_wconf 88' lang='lat' dir='ltr'><em>P</em></span> 
     </span>
     <span class='ocr_line' id='line_1_35' title="bbox 270 4017 1397 4085; baseline 0.003 -14"><span class='ocrx_word' id='word_1_291' title='bbox 270 4017 545 4085; x_wconf 79' lang='lat' dir='ltr'>aegrestibusPcour</span> <span class='ocrx_word' id='word_1_292' title='bbox 636 4018 721 4072; x_wconf 89' lang='lat' dir='ltr'>ueluis</span> <span class='ocrx_word' id='word_1_293' title='bbox 735 4019 834 4074; x_wconf 85' lang='lat' dir='ltr'>Pcorr</span> <span class='ocrx_word' id='word_1_294' title='bbox 930 4021 1069 4076; x_wconf 89' lang='lat' dir='ltr'>laenitudo</span> <span class='ocrx_word' id='word_1_295' title='bbox 1083 4023 1111 4076; x_wconf 92' lang='lat' dir='ltr'><em>P</em></span> <span class='ocrx_word' id='word_1_296' title='bbox 1206 4021 1239 4074; x_wconf 88' lang='grc'>19</span> <span class='ocrx_word' id='word_1_297' title='bbox 1257 4020 1397 4076; x_wconf 85' lang='lat' dir='ltr'>uirtutum</span> 
     </span>
     <span class='ocr_line' id='line_1_36' title="bbox 271 4103 1397 4173; baseline 0.001 -17"><span class='ocrx_word' id='word_1_298' title='bbox 271 4103 344 4156; x_wconf 89' lang='lat' dir='ltr'>omni</span> <span class='ocrx_word' id='word_1_299' title='bbox 367 4103 381 4156; x_wconf 73' lang='lat'><strong><em>2</em></strong></span> <span class='ocrx_word' id='word_1_300' title='bbox 511 4104 590 4158; x_wconf 88' lang='lat' dir='ltr'>unico</span> <span class='ocrx_word' id='word_1_301' title='bbox 613 4104 665 4159; x_wconf 87' lang='lat' dir='ltr'>Urs</span> <span class='ocrx_word' id='word_1_302' title='bbox 692 4103 784 4159; x_wconf 90' lang='lat' dir='ltr'>unicae</span> <span class='ocrx_word' id='word_1_303' title='bbox 802 4105 964 4162; x_wconf 77' lang='lat' dir='ltr'>Stceuccbtue</span> <span class='ocrx_word' id='word_1_304' title='bbox 1094 4109 1129 4162; x_wconf 84' lang='grc'>20</span> <span class='ocrx_word' id='word_1_305' title='bbox 1145 4106 1265 4161; x_wconf 89' lang='lat' dir='ltr'>retinent</span> <span class='ocrx_word' id='word_1_306' title='bbox 1286 4105 1346 4173; x_wconf 74' lang='lat' dir='ltr'>ceu,</span> <span class='ocrx_word' id='word_1_307' title='bbox 1367 4123 1397 4160; x_wconf 85' lang='lat' dir='ltr'>r:</span> 
     </span>
     <span class='ocr_line' id='line_1_37' title="bbox 271 4189 1396 4264; baseline 0.003 -22"><span class='ocrx_word' id='word_1_308' title='bbox 271 4189 369 4243; x_wconf 85' lang='lat' dir='ltr'>retinet</span> <span class='ocrx_word' id='word_1_309' title='bbox 387 4189 413 4242; x_wconf 94' lang='lat' dir='ltr'><em>P</em></span> <span class='ocrx_word' id='word_1_310' title='bbox 530 4191 564 4244; x_wconf 77' lang='lat'>22</span> <span class='ocrx_word' id='word_1_311' title='bbox 581 4190 767 4261; x_wconf 86' lang='lat' dir='ltr'>perperiuntur</span> <span class='ocrx_word' id='word_1_312' title='bbox 784 4192 812 4245; x_wconf 93' lang='lat' dir='ltr'><em>P</em></span> <span class='ocrx_word' id='word_1_313' title='bbox 827 4209 889 4248; x_wconf 79' lang='lat' dir='ltr'>corr</span> <span class='ocrx_word' id='word_1_314' title='bbox 1007 4195 1042 4248; x_wconf 80' lang='lat'>23</span> <span class='ocrx_word' id='word_1_315' title='bbox 1058 4195 1091 4248; x_wconf 75' lang='lat' dir='ltr'>aba</span> <span class='ocrx_word' id='word_1_316' title='bbox 1107 4211 1149 4264; x_wconf 82' lang='lat' dir='ltr'>mq</span> <span class='ocrx_word' id='word_1_317' title='bbox 1310 4193 1345 4248; x_wconf 78' lang='lat'>27</span> <span class='ocrx_word' id='word_1_318' title='bbox 1365 4193 1396 4246; x_wconf 79' lang='lat' dir='ltr'>ia</span> 
     </span>
     <span class='ocr_line' id='line_1_38' title="bbox 271 4275 1396 4347; baseline 0.004 -20"><span class='ocrx_word' id='word_1_319' title='bbox 271 4289 316 4344; x_wconf 78' lang='lat' dir='ltr'>neq</span> <span class='ocrx_word' id='word_1_320' title='bbox 459 4275 658 4332; x_wconf 85' lang='lat' dir='ltr'>autsiiaciunt</span> <span class='ocrx_word' id='word_1_321' title='bbox 676 4276 948 4336; x_wconf 77' lang='lat' dir='ltr'>oddKlusaruormus</span> <span class='ocrx_word' id='word_1_322' title='bbox 1050 4281 1099 4334; x_wconf 87' lang='lat' dir='ltr'>aut</span> <span class='ocrx_word' id='word_1_323' title='bbox 1116 4281 1189 4344; x_wconf 89' lang='lat' dir='ltr'>sica,</span> <span class='ocrx_word' id='word_1_324' title='bbox 1206 4293 1274 4347; x_wconf 83' lang='lat' dir='ltr'>quae</span> <span class='ocrx_word' id='word_1_325' title='bbox 1291 4277 1396 4342; x_wconf 82' lang='lat' dir='ltr'>dicitis,</span> 
     </span>
     <span class='ocr_line' id='line_1_39' title="bbox 270 4357 448 4415; baseline 0.022 -4"><span class='ocrx_word' id='word_1_326' title='bbox 270 4357 376 4414; x_wconf 86' lang='lat' dir='ltr'>faciunt</span> <span class='ocrx_word' id='word_1_327' title='bbox 393 4359 448 4415; x_wconf 80' lang='lat' dir='ltr'>Sub</span> 
     </span>
    </p>
   </div>
   <div class='ocr_carea' id='block_1_4' title="bbox 0 0 1467 5010">
    <p class='ocr_par' dir='ltr' id='par_1_5' title="bbox 0 0 1467 5010">
     <span class='ocr_line' id='line_1_40' title="bbox 0 0 1467 5010; baseline 0 0"><span class='ocrx_word' id='word_1_328' title='bbox 0 0 1467 5010; x_wconf 95' lang='lat' dir='ltr'> </span> 
     </span>
    </p>
   </div>
  </div>
 </body>
</html>
