2888 5008
566 487 665 541 aroer
689 489 751 542 vro.
1150 493 1210 558 267

39 685 42 688 ·
100 660 158 738 ost,
180 659 336 742 Euripidis
358 661 412 724 aut
433 660 581 726 Hercules
603 661 773 727 actitatam?
806 660 1002 727 existimatus
1030 663 1159 728 tractari
1181 681 1212 727 se

99 761 265 828 honorifice
285 763 386 841 Flora,
409 763 436 828 si
458 762 521 828 suis
543 763 677 829 inludis
698 763 868 847 flagitiosas
890 765 1078 848 conspexerit
1099 785 1147 831 res
1162 765 1214 849 agi

101 867 140 942 ot·
154 866 323 950 migratum
347 865 386 930 ab
408 865 606 948 lupanaribus
628 867 660 930 in
680 867 824 931 theatra?
855 866 940 932 itane
966 867 1052 933 istud
1079 884 1140 933 non
1167 869 1214 932 eet

100 967 227 1034 deorum
248 967 416 1033 inminuere
438 969 633 1052 dignitatem,
657 969 757 1034 dicare
781 973 812 1035 et
820 986 1001 1035 consecrare
1016 969 1213 1053 turpissimas

75 1087 149 1136 eres
170 1071 232 1149 eis,
260 1088 336 1152 quas
364 1087 468 1136 censor
495 1071 616 1136 animus
637 1072 761 1154 respuat
783 1072 814 1136 et
835 1091 965 1154 quanam
987 1074 1102 1138 actores
1124 1073 1213 1137 inho-

98 1175 203 1238 nestos
224 1190 289 1238 esse
310 1173 359 1236 ins
381 1176 519 1238 uestrum
540 1173 572 1238 et
593 1173 674 1238 inter
695 1173 796 1257 capita
817 1174 977 1257 conputari
998 1174 1148 1240 iudicauit
1163 1175 1212 1239 in·

100 1274 219 1340 famia?
240 1275 346 1340 mimis
360 1275 507 1340 nimirum
522 1276 567 1340 dii
589 1276 734 1359 gaudent,
757 1277 788 1341 et
807 1276 864 1341 illa
879 1277 928 1341 uis
943 1277 1100 1360 praestans
1115 1295 1213 1358 neque

100 1377 176 1442 ullis
209 1378 369 1443 bominum
401 1379 617 1460 comprehensa
649 1380 768 1444 naturis
806 1379 1009 1444 libentissime
1038 1379 1212 1444 commodet

101 1480 261 1546 audiendis
288 1480 336 1546 his
365 1481 463 1559 auris,
497 1499 626 1563 quorum
654 1482 928 1565 symplegmatibus
950 1482 1213 1565 plurimisinter-

58 1583 214 1648 inmixtos
236 1602 268 1648 se
289 1602 354 1650 esse
378 1583 536 1649 derisionis
559 1583 592 1649 in
613 1584 774 1649 materiam
796 1585 923 1650 norunt:
952 1585 1154 1664 delectantur,
1178 1587 1214 1650 ut

99 1705 149 1752 res
171 1688 227 1764 est,
250 1687 441 1770 stupidorum
463 1687 615 1770 capitibus
637 1688 725 1766 rasis,
756 1687 974 1770 salapittarum
996 1687 1100 1753 sonitu
1121 1688 1213 1769 atque

98 1790 220 1872 plausu,
245 1789 334 1856 iactis
357 1791 388 1854 et
409 1789 501 1854 dictis
523 1789 675 1872 turpibus,
698 1788 883 1855 fascinorum
905 1790 1080 1873 ingentium
1094 1790 1214 1856 rubore.

98 1894 163 1958 iam
191 1910 262 1957 nero
285 1893 312 1956 si
340 1892 476 1957 uiderint
501 1891 535 1957 in
561 1891 716 1958 femineas·
739 1891 951 1958 mollitudines
979 1895 1160 1959 eneruantos
1182 1911 1214 1957 so
1319 1879 1321 1884 ’

98 1995 194 2075 uiros,
216 1995 376 2060 uocifmari
398 1995 452 2059 bos
474 1995 597 2074 frustra,
620 1994 686 2059 sine
707 2013 799 2060 causa
821 1995 897 2060 alios
920 1997 1077 2075 cursitare,
1105 1995 1215 2061 amici-

59 2099 217 2164 satiarem
244 2098 305 2162 fido
334 2097 423 2162 salua
449 2097 631 2163 contundere
660 2116 693 2162 se
722 2098 798 2163 alios
824 2099 856 2162 et
878 2099 980 2164 crudis
1008 2099 1154 2164 mutilare
1175 2099 1214 2162 do

100 2201 262 2284 caestibus,
285 2201 400 2266 certare
422 2200 477 2263 hos
498 2200 620 2282 spiritu,
642 2199 754 2266 buccas
775 2201 868 2266 nenio
881 2200 1055 2267 'distendere
1069 2201 1214 2266 uocibus·
1373 2277 1377 2285 Ι

99 2323 160 2386 que
181 2303 357 2369 inmanibus
379 2321 570 2385 concrepare:
599 2322 708 2370 monus
730 2304 769 2368 ad
791 2305 911 2370 caelum
936 2303 941 2390 Ι
966 2305 1096 2383 tollunt,
1122 2303 1212 2369 rebus
1221 2310 1239 2363 f.
1252 2307 1315 2360 1⁵1¹’

100 2407 336 2476 admirabilibus
368 2407 446 2472 moti
478 2407 657 2490 prosiliunt,
690 2407 876 2487 exclamant,
910 2409 943 2472 in
976 2407 1111 2491 gratiam
1144 2424 1214 2471 oum

100 2511 276 2576 hominibus
297 2512 434 2576 redeunt.
468 2511 544 2576 haec
566 2511 592 2576 si
614 2510 674 2574 diis
699 2511 927 2576 immortalibus
950 2510 1136 2576 obliuionem
1159 2507 1214 2574 ad·

60 2614 206 2678 auferunt
232 2614 440 2691 simultatum,
468 2613 495 2676 si
517 2631 553 2678 er
574 2611 747 2692 comoediis,
770 2612 936 2693 Atellanis,
964 2613 1069 2680 mimis
1097 2612 1214 2677 ducunt
1261 2657 1264 2670 .

100 2717 289 2782 laetissimas
311 2716 500 2798 uoluptates,
524 2715 598 2798 quid
619 2717 799 2794 moramini,
828 2717 903 2798 quid
924 2715 1064 2794 cessatis,
1087 2715 1161 2797 quin
1182 2717 1214 2778 et

100 2820 184 2902 ipsos
206 2819 317 2886 dicatis
338 2819 409 2884 deos
434 2817 538 2882 ludere
560 2817 702 2882 lasciuire
724 2819 853 2898 saltare,
874 2818 1018 2884 obscenas
1033 2817 1215 2900 conpingere

101 2921 257 2988 cautiones
273 2922 310 2998 ¹et
331 2921 472 2986 clunibus
493 2921 642 2986 fluctuare
664 2919 829 3002 crispatis?
850 2921 924 3003 quid
947 2918 1146 2986 cnimdiffert
1160 2920 1215 2984 aot

99 3025 239 3108 interest,
261 3025 414 3090 bdantne
435 3024 510 3089 haec
530 3018 600 3107 ipsi'
613 3041 651 3088 an
674 3024 712 3089 ab
736 3024 806 3089 aliis
826 3022 892 3088 fieri
906 3023 940 3088 in
953 3022 1225 3104 amoribusatque

61 3129 144 3192 sain
157 3127 275 3192 deliciis
297 3129 430 3194 domni?
462 3127 543 3192 uude
564 3126 667 3211 igitur
682 3125 772 3192 fluxit
793 3125 845 3212 nel
867 3144 903 3190 er
924 3124 1036 3208 quibus
1058 3123 1147 3190 onata
1167 3121 1264 3188 estu

101 3231 204 3296 carreis
225 3230 400 3312 opinionum
421 3231 495 3297 haec
516 3229 678 3311 prauitas?
707 3249 745 3294 er
767 3245 800 3294 eo
823 3227 1215 3309 scilicet'marime,quod

99 3335 288 3414 nequeuntes
315 3333 454 3398 homines
483 3333 630 3416 quidnam
652 3333 694 3398 sit
716 3333 790 3398 deus
811 3331 904 3410 scire,
932 3331 1080 3414 quidnam
1102 3330 1145 3395 sit
1166 3329 1214 3395 nis

101 3435 183 3515 eius,
211 3437 320 3500 natura
348 3435 519 3501 substantia
545 3435 697 3519 qualitas,
726 3434 1003 3500 otrumnehabeat
1024 3433 1217 3498 sormaman

137 3637 397 3707 lEuripidis.Sob.·
414 3636 550 3706 euripides,
562 3637 589 3690 P
717 3635 844 3690 abactor
863 3635 913 3690 Gal
1048 3635 1216 3690 existimatae

99 3724 259 3780 Maca.-
272 3723 439 3778 existimatur
450 3723 477 3776 P
488 3721 650 3775 existimabit
661 3721 800 3775 Horoldaeo
875 3721 893 3774 4
904 3735 1040 3774 consocare
1051 3720 1079 3774 P
1087 3735 1150 3775 corr

101 3811 120 3864 6
137 3810 267 3864 iudicauit
279 3809 340 3874 Sub,
353 3826 383 3862 r:
404 3807 511 3868 iudauit
528 3807 556 3861 P
656 3807 673 3862 9
690 3822 793 3861 aurosa
894 3805 1132 3876 symplegmatibus
1145 3804 1216 3860 Sub.-

100 3894 318 3964 implogmatibus
336 3895 365 3948 P
386 3892 613 3963 simplogmatibns
631 3910 647 3946 r
750 3893 782 3947 ia
797 3891 882 3962 qu
989 3892 1021 3947 11
1039 3890 1216 3960 salpistannm

102 3980 160 4037 Sub
177 3980 346 4049 salpictarum
360 3979 411 4034 Get
429 3979 598 4048 salpittarnm
615 3994 632 4032 r
731 3979 764 4032 12
781 3978 872 4040 ¹robore
883 3979 912 4034 P
921 3982 1016 4035 corre
1118 3975 1152 4030 14
1168 3976 1216 4030 hos

102 4067 173 4121 Sub.-
198 4067 247 4120 boc
265 4065 293 4118 P
410 4064 497 4134 causa]
516 4064 593 4133 culpa
609 4063 665 4118 Sub
684 4071 685 4077 ’
789 4063 822 4118 15
839 4063 890 4118 fide
907 4063 969 4130 Sub,
986 4078 1017 4116 r.-
1041 4061 1105 4118 fides
1123 4063 1151 4116 P

102 4153 144 4222 de]
163 4169 190 4207 se
208 4152 263 4208 Sub
279 4153 311 4206 ia
328 4167 374 4206 err
487 4151 519 4204 16
537 4149 652 4204 cestibus
669 4150 697 4203 P
804 4149 964 4216 uocibusqne
981 4147 1109 4202 Zielius:
1132 4147 1217 4202 notis-

103 4253 154 4307 que
165 4239 194 4293 P
209 4238 361 4306 canatisqne
379 4236 454 4292 Salac
563 4236 596 4289 17
614 4234 738 4296 inanibus
756 4233 811 4288 Sub
828 4233 950 4290 manibus
969 4233 1045 4289 Salsu
1157 4249 1217 4290 con·

103 4340 209 4394 crepare
226 4324 296 4380 Sao:
320 4338 481 4380 concremaro
498 4322 525 4374 P
650 4321 685 4376 20
701 4321 837 4376 attellanis
855 4336 871 4394 r
993 4319 1027 4374 23
1044 4318 1217 4380 differtSob:

107 4410 193 4470 defert
204 4411 232 4464 P
242 4409 356 4466 diiertc‘
443 4409 476 4462 26
487 4407 587 4462 seilicet
599 4408 626 4462 P
637 4422 697 4462 coar
787 4407 821 4461 28
832 4405 918 4474 qualis
931 4407 959 4460 P
969 4405 1129 4473 eorrrqualis
1142 4405 1218 4461 Sabo
