2888 5008
224 383 288 450 280
524 379 667 434 Arnobii
691 379 850 434 aduersus
874 380 1032 432 nationes

222 553 317 620 talem
347 551 444 616 uideri
473 568 505 614 se
526 549 681 632 praebuit,
710 549 831 632 qualem
857 547 972 614 sciebat
1000 567 1032 612 se
1060 565 1124 612 esse
1154 546 1347 628 qualemque

221 674 254 720 se
276 656 403 720 nouerat
431 653 478 718 sui
507 653 643 718 numinis
666 652 700 718 in
723 652 860 736 potentia
881 650 1054 718 contineri?
1087 653 1152 716 erat
1175 650 1263 714 enim
1285 649 1347 713 hec

221 757 322 842 potius
345 757 502 838 multoque
523 756 731 839 praestantius
753 755 959 840 augustaeque
981 754 1163 820 conueniens
1188 752 1347 836 dignitati

221 877 314 943 qnam
335 860 401 924 lieri
423 858 545 924 beluam
567 857 779 940 horrentisque
793 857 937 924 animalis
952 857 984 921 in
1000 855 1243 923 similitudinem
1258 855 1347 920 uerti

221 964 252 1028 et
272 963 343 1028 dare
365 960 518 1044 ambiguis
541 960 831 1027 contradictionibus
857 959 975 1040 locum,
1003 960 1121 1026 essetne
1149 976 1243 1023 uerus
1267 959 1378 1022 deuse

221 1083 258 1131 an
279 1066 380 1132 nescio
403 1064 477 1146 quid
497 1063 582 1129 aliud
596 1064 745 1148 longeque
760 1063 799 1130 ab
815 1081 924 1148 supera
939 1063 1132 1130 sublimitate
1146 1061 1344 1127 seiunctum.

170 1169 210 1232 lt
220 1168 272 1234 sed
294 1168 320 1232 si
343 1163 427 1247 deus,
450 1166 561 1248 inquit,
583 1183 644 1230 non
666 1166 742 1242 erat,
765 1185 819 1232 cur
834 1185 851 1231 e
865 1166 938 1230 naui
952 1149 1115 1250 postquam
1135 1165 1253 1230 extulit
1273 1182 1343 1228 sese

219 1273 250 1336 et
271 1270 449 1336 Tiberinum
470 1269 510 1334 ad
531 1267 665 1334 insulam
687 1269 792 1352 repsit,
815 1287 966 1352 nusquam
987 1269 1096 1334 statim
1117 1267 1287 1350 conparuit
1314 1272 1344 1330 et

218 1374 351 1439 uiderier
373 1374 408 1438 nt
429 1375 502 1439 ante
523 1371 636 1438 desiit?
657 1389 820 1456 possumus
842 1373 1026 1448 enimenim,
1050 1373 1195 1438 utrumne
1210 1369 1347 1452 aliquod

218 1476 411 1543 obstaculum
440 1476 549 1554 fuerit,
580 1477 667 1541 cuius
698 1493 764 1542 sese
793 1476 915 1542 obiectu
937 1475 1029 1560 atque
1050 1473 1245 1560 oppositione
1269 1491 1376 1556 pro-o

217 1579 336 1657 texerit,
358 1597 398 1644 an
420 1579 524 1644 biatus
539 1578 674 1662 aliquis?
697 1596 751 1644 uos
766 1578 969 1660 pronuntiate,
991 1595 1047 1644 uos
1062 1579 1165 1656 dicite,
1189 1577 1348 1659 quidnam

217 1683 298 1747 illud
327 1681 421 1748 fuerit
450 1685 519 1756 aut,
534 1682 656 1748 cuinam
685 1701 787 1748 rerum
815 1683 917 1766 generi
947 1681 1086 1748 debuerit
1115 1680 1285 1765 applicari,
1318 1678 1345 1744 si

218 1804 416 1869 personarum
445 1785 546 1851 officia
575 1788 648 1850 sunt
678 1789 760 1850 certa
789 1786 952 1850 certarum.
987 1787 1090 1850 uestra
1111 1802 1257 1858 cumres
1280 1783 1346 1846 ista

219 1887 261 1952 sit
297 1887 393 1972 deque
428 1890 530 1954 uestro
563 1889 689 1955 numine
724 1891 887 1970 uestraque
924 1889 955 1953 et
990 1888 1138 1972 religione
1174 1887 1344 1964 tractetur,

218 1991 358 2056 uestrum
387 1992 435 2056 est
463 1991 564 2073 potius
594 1992 715 2056 edocere
747 1991 944 2073 uestrumque
967 1995 1152 2073 monstrare,
1183 1988 1264 2072 quid
1286 1987 1372 2052 illac

217 2111 266 2158 res
297 2093 405 2173 fuerit,
435 2095 553 2160 nostras
582 2094 663 2158 uelle
694 2111 788 2175 qnam
814 2094 958 2160 exaudire
980 2092 1148 2160 sententias
1169 2093 1343 2174 nostraque

218 2197 392 2280 exspectare
414 2198 543 2262 decreta.
577 2213 651 2260 nam
674 2211 728 2260 nos
750 2193 874 2277 quidem
897 2195 972 2277 quid
994 2195 1080 2280 aliud
1100 2212 1267 2277 possumus
1290 2195 1341 2259 di·

218 2319 298 2379 cere,
327 2300 388 2364 nisi
417 2299 498 2382 qnod
528 2297 590 2364 fuit
611 2301 642 2362 et
671 2297 775 2362 uisum
798 2299 860 2378 est,
891 2298 971 2380 qnod
1000 2297 1145 2364 historiae
1174 2297 1342 2380 prodidere

218 2421 323 2468 omnes
345 2406 376 2467 et
398 2402 556 2468 oculorum
584 2400 723 2467 sensibus
751 2401 799 2466 est
826 2402 1089 2482 conprehensum?
1122 2400 1201 2466 banc
1228 2402 1342 2466 tamen

217 2505 334 2570 scilicet
361 2504 516 2570 colubram
545 2501 734 2568 ualidissimi
761 2503 894 2586 corporis
916 2505 947 2568 et
967 2502 1155 2586 prolixitatis
1177 2502 1371 2570 inmensaeu

212 2594 280 2686 aut,
302 2608 330 2672 si
351 2625 462 2674 nomen
482 2607 539 2672 hoc
561 2605 717 2673 sordidum
741 2607 802 2686 est,
831 2624 963 2690 anguem
985 2604 1132 2690 dicimus,
1161 2607 1340 2688 serpentem

113 2719 134 2770 r.
145 2719 207 2771 laeb
217 2711 448 2788 nominitamus,
471 2713 524 2774 ant
546 2709 574 2774 si
596 2710 677 2792 quod
700 2707 786 2774 eliud
805 2708 893 2774 nobis
908 2726 982 2772 usus
997 2727 1145 2774 nocamen
1163 2705 1168 2792 Ι
1187 2707 1341 2772 obtulerit

215 2814 270 2877 aut
300 2812 461 2895 ampliatio
490 2812 639 2878 sermonis
668 2811 836 2878 ecfinnerit.
871 2812 898 2876 si
920 2812 1005 2878 enim
1033 2813 1131 2896 repsit
1153 2812 1189 2876 ut
1212 2812 1341 2876 coluber

195 2935 277 2989 ‚non
304 2916 435 2998 pedibus
465 2933 497 2980 se
526 2916 625 2981 ferens
655 2933 752 2996 neque
781 2932 853 2981 suas
888 2913 1102 2998 subexplicans
1136 2913 1249 2980 itiones
1286 2913 1340 2978 sed

216 3021 323 3085 uentre
345 3019 431 3083 uisus
453 3037 488 3084 ac
509 3019 644 3102 pectore,
675 3017 702 3082 si
725 3037 762 3082 ex
783 3017 914 3084 materia
935 3017 1086 3082 formatus
1109 3017 1210 3084 carnis
1233 3017 1369 3102 longi-e

215 3120 359 3186 tudinem
379 3118 593 3204 porrigebatur
614 3119 646 3184 in
669 3119 832 3206 lubricam,
855 3121 948 3200 caput
970 3120 997 3184 si
1019 3120 1131 3184 habuit
1152 3122 1247 3204 atqm
1265 3139 1337 3186 cau·

216 3223 299 3301 dam,
321 3224 347 3286 si
369 3223 468 3288 obsita
489 3222 626 3306 squamis
648 3223 746 3306 terga,
776 3223 803 3288 si
825 3223 1017 3288 macularum
1038 3223 1156 3288 corium
1177 3223 1336 3288 suffectio-

215 3326 307 3425 pibus
336 3325 474 3403 uarium,
502 3325 530 3390 si
557 3343 590 3393 os
618 3325 759 3390 dentibus
791 3325 948 3392 borridum
971 3328 1003 3391 et
1025 3324 1064 3392 ad
1083 3324 1267 3410 infligendos
1289 3325 1337 3390 in·

214 3429 369 3495 structum
383 3445 516 3493 morsus:
540 3428 614 3509 quid
631 3427 715 3492 alind
730 3444 891 3508 possumus
907 3447 999 3510 quam
1014 3427 1134 3512 generis
1151 3447 1223 3492 eum
1237 3427 1337 3492 dicere

316 3583 384 3646 280,
395 3581 479 3636 7-11
498 3604 531 3628 =
547 3581 606 3647 281,
624 3582 710 3638 8-12

249 3723 266 3776 6
283 3737 408 3790 superum
430 3720 445 3773 ἓ
546 3721 563 3775 8
580 3723 607 3774 et
624 3725 690 3774 oute
707 3717 860 3774 Tiberinon
877 3719 934 3774 add
952 3719 1086 3774 Zialrc'aee
1101 3719 1149 3772 aed
1160 3705 1220 3788 ipae
1232 3717 1337 3772 Tiberi·

213 3824 289 3862 nam.
301 3847 307 3862 .
318 3805 417 3874 ‚repsit
429 3805 520 3876 detero
530 3805 636 3860 muuedt
704 3805 721 3860 9
731 3820 786 3874 sqq.
799 3819 949 3872 possumus.
959 3841 967 3856 .
977 3803 1086 3872 .aliquis
1097 3805 1142 3858 del
1153 3803 1271 3858 Ziokius

216 3895 249 3948 13
267 3895 405 3947 certarum.
425 3892 513 3944 uestra
529 3907 589 3946 cum
600 3891 755 3946 Mewrsa'us:
773 3892 905 3944 certarum
922 3892 1018 3942 neema.
1036 3904 1096 3942 cum
1112 3889 1197 3960 uulgo
1283 3889 1336 3954 ista

215 3979 368 4034 Macareida:
387 3977 466 4030 itaP
567 3975 858 4030 melodunensem
961 3973 993 4028 19
1007 3973 1110 4042 ¹turneb]
1128 3974 1335 4030 uocamenZiu-

214 4065 276 4120 tius
315 4107 338 4136 ,κ
363 4063 397 4116 20
415 4063 439 4116 si
456 4062 519 4116 licet
535 4063 684 4126 Meureiue,
701 4061 818 4116 boetius
918 4059 1066 4114 *colubram
1084 4061 1112 4114 P
1214 4059 1249 4114 21
1265 4058 1336 4112 diea-

137 4165 141 4174 “
216 4167 274 4205 mus
291 4151 361 4223 Urs,
429 4149 462 4202 22
474 4149 661 4203 nominitamus
679 4145 730 4212 Ure
814 4148 849 4200 23
866 4148 1003 4216 ampliatio
1017 4145 1084 4202 Sub.-
1102 4145 1269 4216 ampliatoP

215 4236 349 4290 eclinxerit
365 4252 394 4288 r:
412 4238 438 4306 et
455 4235 562 4290 finxerit
579 4235 607 4288 P
628 4232 759 4288 effinxerit
776 4232 831 4286 Sub
934 4233 968 4288 25
986 4233 1064 4288 nixus
1082 4233 1137 4288 Sao
1181 4303 1183 4307 Ι
1238 4233 1270 4286 27
1289 4232 1335 4286 ob

211 4323 269 4376 sita
291 4321 358 4376 Ura:
385 4319 470 4376 oblita
488 4321 515 4374 P
650 4311 750 4372 corium
773 4317 870 4371 uddc'da‘
948 4341 949 4346 ¹
1003 4319 1042 4374 aa
1058 4319 1135 4374 uaria
1152 4319 1206 4374 Sub
1232 4318 1335 4391 uarium

214 4413 336 4460 uentrem
358 4405 481 4474 nuperos
582 4402 707 4460 tendibus
726 4405 753 4458 P
770 4417 863 4458 corre
1075 4421 1078 4428 ’
