2916 5010
257 504 319 570 1oe
554 503 697 558 Aruobii
719 501 877 558 aduersus
900 503 1058 558 nationes

254 676 354 742 mium
368 679 414 742 est
430 675 552 742 diuinae
565 675 789 742 beniuolentiae
803 675 926 759 mtto?
945 675 994 740 uis
1008 692 1128 738 sumere
1142 673 1223 756 qnod
1237 673 1371 739 offertur

256 778 348 862 atque
368 779 402 843 in
423 780 493 844 tuos
513 797 587 845 usus
609 781 804 844 conuertere?
826 778 1014 844 consulueris
1032 780 1068 842 tu
1082 778 1156 844 tibi..
1182 777 1368 860 aspernaris,

256 882 422 947 contemnis
444 885 476 948 et
497 882 648 964 despicis?
676 883 712 946 tu
733 883 764 946 to
785 882 921 948 muneris
943 882 1160 948 commoditate
1181 879 1368 962 pnuaueris.

254 974 332 1050 nulli
365 986 439 1050 dous
466 984 561 1050 infert
588 985 818 1064 necessitatem,
851 984 1014 1067 imperiosa
1045 983 1208 1050 formidine
1239 982 1367 1048 nullum

255 1074 357 1152 terret.
380 1106 476 1170 nequo
499 1087 580 1152 enim
601 1087 769 1152 necessaria
788 1089 894 1152 nostm
908 1087 958 1151 illi
973 1088 1057 1153 salus
1073 1091 1129 1164 est,
1151 1089 1187 1152 ut
1202 1084 1369 1168 conpendii
1392 1111 1403 1149 ⁵

256 1190 372 1273 aliquid
405 1190 594 1272 dispendiiue
627 1191 776 1273 patiatur,
813 1191 838 1256 si
860 1192 916 1256 aut
943 1192 1015 1256 deos
1041 1210 1096 1256 nos
1117 1190 1226 1256 iecerit
1248 1191 1304 1254 aut
1327 1190 1369 1254 ad

206 1292 389 1362 sommium
410 1294 507 1378 redigi
529 1294 730 1375 corruptionis
752 1293 949 1360 dissolutione
970 1292 1153 1375 permiserit.
1186 1293 1292 1371 immo,
1317 1292 1370 1356 in-

256 1395 337 1477 quit,
361 1396 483 1462 sidens
508 1398 554 1460 est
574 1398 682 1478 potens
703 1396 873 1460 misericors
895 1397 1102 1475 conseruato,
1130 1395 1287 1460 conuertat
1310 1413 1370 1458 no-

255 1497 305 1564 bis
327 1499 443 1564 mentes
465 1500 497 1563 et
516 1499 630 1564 inuitos
651 1498 745 1564 iacnt
765 1499 828 1564 suis
852 1497 1129 1580 pollicitationibus
1151 1496 1280 1563 credero.
1318 1497 1371 1562 uis

257 1621 329 1686 ergo
346 1603 393 1666 est
408 1602 477 1681 ista,
493 1620 552 1666 uon
566 1603 666 1685 gretia
687 1620 742 1666 nec
756 1601 805 1667 dei
819 1600 993 1666 liberalitas
1003 1601 1160 1684 principis,
1177 1602 1231 1666 sed
1244 1603 1282 1665 od
1295 1600 1406 1664 uin-10

257 1705 344 1770 condi
366 1704 503 1769 studium
523 1704 648 1787 puerilis
670 1706 761 1786 atque
781 1736 797 1800 3·
814 1705 909 1768 animi
932 1704 1093 1770 contentio.
1116 1704 1190 1786 quid
1212 1708 1259 1769 est
1282 1703 1372 1768 enim
1450 1717 1451 1726 ¹

256 1806 322 1872 tam
344 1807 502 1885 iniustum,
524 1826 615 1889 quam
637 1806 887 1890 repugnantibus,
911 1825 1003 1888 quam
1017 1806 1124 1872 inuitis
1140 1809 1320 1888 extorquere
1334 1807 1371 1869 in

257 1910 441 1976 contrarium
463 1911 646 1990 uoluntates,
668 1911 820 1975 inculcare
842 1908 923 1991 quod
944 1910 1044 1976 nolint
1065 1911 1096 1974 et
1110 1909 1192 1991 quod
1207 1908 1371 1992 refugiant

257 2013 377 2091 animis,
399 2014 484 2096 prius
505 2032 611 2079 nocere
631 2032 724 2097 quam
738 2011 836 2095 prosis
858 2011 888 2076 ot
908 2005 1008 2092 priore
1029 2013 1165 2078 detracto
1180 2013 1214 2076 in
1228 2012 1371 2076 alienum

256 2115 398 2182 habitum
419 2118 661 2198 sententiamque
681 2116 860 2182 traducere?
881 2115 916 2178 tu
939 2116 992 2197 qui
1014 2118 1045 2178 te
1067 2116 1148 2180 uerti
1170 2117 1201 2180 ot
1223 2114 1290 2178 uim
1316 2115 1407 2183 111-11

257 2218 371 2285 sideros
391 2220 518 2302 perpeti,
540 2223 576 2284 ut
597 2220 630 2284 id
652 2221 732 2301 quod
752 2218 831 2282 nolis
853 2217 967 2282 efficias
981 2219 1073 2300 etque
1089 2219 1218 2300 arripias
1233 2218 1372 2296 coactus,

257 2340 310 2388 cur
331 2323 447 2404 respuis
469 2323 626 2387 adsumere
648 2323 806 2386 uoluntate
828 2320 861 2384 id
883 2321 963 2402 quod
985 2339 1091 2386 uersus
1106 2321 1260 2386 desideras
1275 2321 1373 2403 atque

256 2425 440 2491 immutatus
469 2425 608 2490 efficere?
641 2427 725 2505 uolo,
751 2425 867 2507 inquit,
900 2426 932 2489 et
957 2424 1149 2489 uoluntatem
1176 2441 1237 2488 non
1258 2423 1372 2489 liabeo,

256 2529 330 2610 quid
351 2545 421 2610 ergo
443 2527 613 2592 criminaris
633 2528 725 2592 deum
739 2529 896 2609 tamquam
910 2527 968 2591 tibi
983 2527 1062 2592 desit
1077 2545 1165 2610 opem
1181 2527 1374 2592 desideranti

255 2629 356 2696 ferre?
380 2629 465 2694 cuius
487 2628 564 2694 dona
586 2633 617 2695 ot
639 2648 767 2694 munera
788 2649 847 2695 uon
868 2630 992 2694 tantem
1013 2631 1183 2712 asperneris
1203 2631 1235 2694 et
1250 2629 1372 2713 fugias,
1384 2657 1411 2698 aa

256 2751 364 2797 uerum
391 2732 495 2796 inania
521 2732 613 2796 uerba
640 2733 832 2816 cognomines
855 2734 886 2797 et
907 2733 1092 2798 iocularibus
1119 2733 1240 2797 facetiis
1263 2751 1374 2815 prose-

185 2836 368 2918 sesquatis.
402 2833 592 2900 Christianus
620 2853 690 2919 ergo
713 2835 866 2914 nituere,
899 2853 984 2917 spem
1007 2835 1116 2900 salutis
1137 2835 1249 2900 habere
1264 2833 1281 2920 l
1308 2855 1374 2900 non

255 2941 381 3020 potero?
413 2938 458 3003 ita
480 2940 535 3016 est,
558 2939 593 3001 ut
614 2937 679 3019 ipsc
699 2938 852 3021 proponis.
882 2937 983 3018 partes
1005 2939 1090 3002 onim
1112 2938 1223 3004 salutis
1246 2937 1373 3002 dandae
1453 2967 1454 2972 1

256 3039 486 3121 conferendique
506 3040 618 3104 animis
641 3040 721 3122 quod
748 3040 844 3104 tribui
866 3039 1011 3105 conuenit
1032 3042 1299 3122 necessariumque
1323 3043 1375 3106 est

255 3141 401 3223 adplicari
428 3142 510 3208 solus
539 3141 577 3207 ab
601 3142 654 3208 deo
686 3145 772 3224 patre
801 3142 955 3208 iniunctae
982 3142 1075 3208 habet
1097 3145 1129 3207 et
1150 3143 1292 3221 traditos,
1323 3143 1411 3208 itare

257 3261 289 3309 se
310 3245 491 3310 habentibus
520 3245 646 3310 semotis
674 3248 766 3327 atque
794 3245 991 3310 interioribus
1014 3245 1124 3310 causis.
1158 3247 1194 3310 ut
1215 3245 1301 3310 euim
1325 3245 1373 3310 dii

292 3533 307 3586 1
319 3531 427 3586 offertur
439 3531 508 3586 Sub.-
525 3531 632 3585 effertur
642 3531 668 3583 P
766 3531 783 3584 3
795 3531 826 3584 tu
836 3533 864 3584 te
875 3531 1015 3584 Meoorsiuo
1026 3536 1161 3600 tamquam
1173 3547 1187 3584 e
1197 3531 1304 3588 codice.-
1317 3535 1378 3588 tuti

258 3621 284 3672 P
298 3619 350 3672 tibi
367 3618 421 3673 Sub
439 3620 467 3671 te
489 3617 539 3672 oet
649 3615 861 3671 commoditatem
885 3615 940 3670 Sub
1049 3617 1194 3686 priuaueris
1220 3617 1284 3671 Get.-
1312 3635 1378 3687 pro·

258 3703 362 3759 honeris
381 3702 495 3774 (neceb)
512 3704 540 3757 P
656 3702 750 3757 bdeos
773 3701 835 3758 Get.-
853 3688 884 3755 ds
901 3703 929 3756 P
945 3702 1008 3756 deus
1026 3703 1080 3756 Sub
1197 3703 1331 3772 linquid
1349 3705 1380 3760 P

258 3806 320 3847 corr
420 3789 455 3843 10
471 3789 505 3842 ed
522 3778 714 3858 decorasse,
792 3788 825 3841 11
843 3787 968 3856 studium,
986 3787 1095 3856 puerilis
1112 3788 1228 3842 Ziotioo
1336 3791 1379 3846 oa-

258 3891 356 3933 ccoom
367 3873 501 3930 indicauit
515 3873 666 3930 Votienus:
683 3873 849 3930 toterctdoesc
859 3873 951 3928 occidere¹
967 3874 1059 3942 pusilli
1072 3875 1118 3928 oet
1128 3875 1214 3928 11111111
1226 3874 1331 3942 (inanis
1349 3876 1375 3944 i)

258 3962 372 4016 uerbum
472 3959 562 4028 animi]
579 3961 668 4014 inanis
686 3960 741 4014 Sub
841 3958 875 4012 13
892 3960 963 4028 quod
979 3959 1115 4029 refugiant
1132 3959 1204 4014 Sub:
1227 3975 1278 4030 quo
1299 3962 1378 4016 refu·

258 4081 379 4152 111111)
479 4082 512 4136 rs
529 4046 599 4143 liii
624 4083 652 4137 Ρ
677 4080 758 4150 (uere
782 4097 867 4136 1111
890 4082 984 4148 poema
1009 4081 1224 4149 eaperecapere
1250 4082 1302 4150 11)

259 4169 291 4224 17
309 4183 413 4236 respues
431 4168 459 4222 P
474 4184 535 4223 corr
642 4168 675 4221 18
690 4167 752 4221 uolo
775 4167 827 4222 Urs
929 4168 1023 4236 inquid
1042 4169 1070 4222 P
1086 4183 1148 4222 corr
1249 4167 1283 4220 19
1302 4168 1380 4224 deei-

259 4253 371 4323 deranti]
388 4253 518 4308 desideras
534 4252 588 4308 tibi
605 4252 660 4308 Sub
760 4254 794 4307 21
811 4253 903 4308 inania
925 4253 990 4308 Ure:
1013 4254 1043 4308 in
1060 4255 1114 4308 elia
1131 4255 1159 4309 P
1259 4253 1380 4310 14111-

258 4339 310 4394 mis
327 4339 385 4406 Get,
396 4356 425 4394 r:
442 4340 564 4410 enimiP
638 4339 766 4394 111111
842 4341 1097 4409 iniunctosseripei:
1109 4341 1263 4397 iniunctum
1274 4340 1306 4394 P

258 4425 374 4481 maditus
391 4426 502 4498 seips:
522 4425 652 4480 uaditum
669 4425 697 4479 P
797 4425 942 4480 remunito
959 4441 987 4480 11
1003 4425 1160 4482 habentium
1182 4427 1214 4484 2.
