2950 5006
202 449 207 464 ¹
266 461 308 530 38
567 453 892 517 Arnobli'cduersur
913 460 1073 516 nationes

265 635 338 700 sunt
364 632 415 698 uel
445 650 521 714 quae
542 631 581 698 ab
604 631 669 696 eius
696 629 896 715 praeconibus
922 629 990 714 pari
1017 629 1083 695 iure
1104 618 1137 696 'et
1157 628 1294 712 potentia
1314 629 1383 694 ter·

264 737 398 820 minata,
431 735 532 820 magis
554 751 608 799 uos
629 734 800 800 incredulos
828 733 941 800 faceret
969 733 1018 798 uis
1044 733 1133 798 tanta
1154 732 1321 809 uirtutum,
1346 734 1384 796 et

264 838 487 922 adprehendere
500 836 603 902 locum
617 835 748 902 fortasse
762 836 901 920 possetis,
923 854 982 918 quo
997 836 1155 901 uideretur
1169 853 1234 902 osee
1248 835 1382 900 similli-

264 961 351 1008 mum
372 941 449 1022 ueri,
472 941 504 1006 et
524 940 711 1005 incrementa
732 940 823 1005 rebus
850 939 990 1020 adposita
1011 939 1042 1003 et
1063 939 1178 1004 inditas
1201 939 1322 1022 scriptis
1346 940 1382 1004 et

195 1044 493 1112 aracommentariis
522 1041 686 1108 falsitates.
713 1040 718 1129 Ι
742 1043 796 1108 sed
828 1061 925 1125 neque
958 1042 1060 1108 omnia
1089 1041 1237 1109 conscribi
1266 1043 1320 1107 aut
1343 1041 1417 1106 ius

263 1167 350 1215 aures
373 1147 511 1212 omnium
531 1147 689 1230 peruenire
715 1138 881 1230 potuerunt
909 1147 997 1230 gesta
1026 1146 1170 1230 gentibus
1199 1146 1231 1211 in
1260 1145 1382 1229 ignotis

263 1251 294 1316 et
315 1269 408 1316 usum
434 1249 637 1315 nescientibus
664 1249 855 1329 litterarum,
886 1251 941 1314 aut
962 1249 1050 1330 siqua
1071 1250 1143 1314 eunt
1165 1247 1280 1312 litteris
1302 1265 1381 1314 con-

262 1352 540 1435 scriptionibusque
571 1352 731 1432 mandata,
766 1351 983 1418 maleuoloutia
1014 1351 1211 1430 daemonum,
1246 1366 1382 1432 quorum

262 1475 335 1522 cura
357 1455 387 1520 et
409 1455 546 1534 studium
568 1457 615 1520 est
636 1455 715 1520 hanc
735 1454 879 1536 intercipi
900 1455 1080 1537 ueritatem,
1110 1456 1143 1520 et
1167 1452 1381 1520 consimilium

191 1639 194 1647 Ι
261 1559 311 1654 his
332 1557 492 1623 hominum
524 1557 706 1641 interpolata
732 1548 937 1640 quaedamst
963 1556 1086 1637 addita,
1119 1558 1233 1642 partim
1254 1557 1416 1622 mutatam

261 1667 354 1744 atque
395 1661 532 1726 detracta
568 1661 670 1726 uerbis
706 1661 834 1743 syllabis
869 1661 1005 1745 litteris,
1040 1666 1076 1726 ut
1112 1663 1144 1726 et
1178 1660 1381 1745 prudentium

260 1765 419 1829 tardarent
445 1763 538 1828 fidem
566 1765 597 1829 ct
624 1765 780 1848 gestorum
811 1765 1038 1846 corrumperent
1059 1764 1285 1832 auctoritatem.
1322 1765 1382 1828 sed

260 1887 429 1950 numquam
455 1865 562 1946 fuerit,
595 1867 643 1931 his
671 1867 747 1932 bone
769 1869 805 1932 ut
827 1865 968 1932 Christus
997 1867 1050 1948 qui
1077 1867 1170 1933 suerit
1198 1868 1382 1932 litterarum

261 1970 448 2035 testimoniis
470 1971 642 2054 colligatur,
665 1970 752 2035 cuius
774 1970 807 2034 in
829 1970 862 2034 id
885 1971 986 2036 solnm
1008 1969 1135 2038 dimissa
1150 1971 1200 2034 est
1216 1989 1316 2048 causa,
1340 1972 1382 2034 ut

261 2069 288 2138 si
311 2092 377 2139 osse
398 2075 573 2141 constiterit
595 2093 629 2139 ea
651 2093 724 2138 uera
746 2093 824 2156 quae
845 2074 991 2152 dicimus,
1023 2073 1208 2140 coufessioue
1238 2074 1380 2140 ommium
1392 2098 1416 2136 15

103 2242 106 2247 .
212 2178 335 2246 tideus
361 2176 457 2242 fuisse
482 2180 679 2243 monstretur.
716 2195 776 2242 non
805 2175 928 2243 creditis
959 2177 1083 2259 scriptis
1105 2177 1236 2242 nostris:
1269 2176 1300 2242 et
1320 2193 1381 2240 nos

260 2280 371 2345 uestris
393 2299 454 2345 uon
481 2281 633 2346 credimus
661 2281 792 2362 scriptis.
833 2279 913 2345 falsa
941 2280 978 2345 de
1000 2279 1122 2345 Christo
1145 2267 1405 2364 conpingimusr‘

261 2383 293 2446 et
314 2399 369 2446 uos
392 2381 428 2446 de
458 2382 517 2446 diis
550 2383 662 2448 uestris
696 2383 799 2448 inania
825 2386 857 2448 et
878 2382 957 2448 falsa
988 2382 1130 2461 iactatis3
1163 2401 1260 2464 neque
1292 2381 1382 2446 enim

260 2485 342 2550 caelo
371 2483 443 2548 deus
472 2485 586 2566 aliquis
611 2485 718 2568 lapsus
747 2485 795 2551 est
826 2487 880 2550 aut
907 2487 970 2551 suis
998 2504 1044 2551 res
1078 2489 1198 2552 uestras
1221 2501 1381 2550 commen-

260 2585 344 2651 tatus
367 2588 414 2652 est
440 2587 581 2652 manibus
608 2590 663 2653 aut
684 2588 802 2653 ratione
824 2589 976 2653 consimili
999 2588 1111 2654 nostris
1133 2588 1225 2654 rebus
1247 2590 1278 2654 et
1300 2587 1418 2654 reli-20

260 2689 402 2773 gionibus
429 2691 599 2772 derogauit.
637 2691 675 2755 ab
704 2691 879 2757 hominibus
902 2692 976 2757 haec
1003 2693 1135 2773 scripta:
1168 2694 1199 2756 et
1221 2691 1279 2756 illa
1301 2694 1381 2756 sunt

231 2792 297 2876 ‚ab
320 2792 496 2856 homiuibus
524 2792 653 2874 scripta,
682 2795 864 2860 mortalibus
892 2795 1074 2860 edissertata
1103 2794 1309 2873 sermonibus3
1346 2797 1381 2860 et

260 2895 408 2977 quidquid
441 2895 541 2982 dicere
563 2896 601 2960 de
622 2897 736 2962 nostris
758 2899 1013 2981 conscriptorihus
1040 2898 1254 2976 intenderitis,
1284 2898 1315 2962 et
1339 2898 1381 2962 de

215 2991 216 2994 ’
258 2997 371 3062 uestris
404 2997 477 3062 haec
506 2994 589 3063 dicta
621 2999 746 3082 paribus
776 3001 889 3066 sumite
916 3001 1007 3082 atque
1032 3001 1177 3067 habetote
1198 3001 1379 3066 momentis.

259 3100 356 3165 uultis
389 3119 462 3165 uera
493 3119 558 3167 esse
592 3121 670 3184 quae
702 3103 734 3166 in
762 3105 872 3169 uestris
905 3104 1108 3185 conprehensa
1134 3105 1208 3168 sunt
1235 3103 1378 3186 scriptis:
1391 3132 1417 3172 os

258 3204 291 3268 et
312 3221 389 3285 quae
410 3204 442 3268 in
464 3205 579 3270 nostris
602 3207 782 3290 consignato
803 3209 875 3273 sunt
896 3206 1011 3272 litteris
1031 3205 1238 3272 confiteamini
1252 3223 1380 3273 necesse

259 3305 391 3372 estesse
420 3326 500 3373 nera.
537 3309 685 3374 falsitatis
716 3310 847 3394 arguitis
873 3329 922 3375 res
943 3311 1079 3375 nostras:
1114 3311 1145 3374 et
1172 3326 1226 3374 uos
1254 3310 1380 3374 uestras

175 3423 196 3478 r.
204 3423 251 3476 aab
263 3409 421 3494 arguimus
452 3411 609 3481 falsitatis.
635 3411 639 3498 Ι
666 3413 718 3478 sed
740 3413 926 3496 antiquiora,
949 3413 1095 3495 inquitis,
1118 3413 1223 3477 nostra
1245 3413 1318 3478 sunt
1340 3434 1381 3480 aa

260 3531 314 3595 per
336 3512 393 3578 hoc
413 3513 484 3580 fidoi
507 3515 538 3579 et
559 3507 703 3582 ueritatis
724 3515 920 3599 plenissima:
949 3516 1037 3598 quasi
1059 3535 1132 3582 uero
1155 3535 1292 3584 errorum
1312 3535 1380 3583 non

293 3783 310 3837 1
326 3784 477 3840 terminata
501 3787 588 3853 magis
605 3771 689 3857 aol'po
825 3785 954 3842 accuret
971 3788 997 3839 P
1126 3791 1166 3860 et]
1185 3795 1232 3845 aut
1251 3793 1306 3846 Sub

259 3869 345 3938 dquo
367 3870 435 3924 Ure.-
458 3871 528 3938 qnod
545 3872 572 3923 P
682 3872 872 3942 9interoipere
890 3873 944 3928 Sub
1058 3877 1090 3929 11
1107 3875 1192 3946 adque
1208 3880 1235 3930 P
1349 3887 1380 3938 ot

258 3953 438 4023 prudentium]
462 3954 490 4009 id
508 3955 669 4010 credentium
692 3957 742 4012 Ure
851 3959 884 4014 12
899 3958 1037 4016 tardarent
1059 3962 1122 4016 Get.-
1145 3963 1264 4019 tardaret
1280 3967 1308 4018 P
1365 4011 1372 4025 ,

259 4041 456 4108 corrumperent
477 4041 541 4096 Get:
561 4047 735 4112 corrumperet
752 4046 779 4097 P
878 4046 911 4100 13
928 4063 1070 4116 numquam
1088 4049 1182 4116 luerit,
1199 4049 1242 4104 his
1260 4054 1325 4106 bene
1344 4059 1380 4108 ut

258 4141 320 4180 cam
338 4127 392 4180 Sub
413 4127 463 4180 Gel
485 4129 536 4182 Uro
548 4135 587 4184 cto
605 4131 727 4200 Ztclcius,
745 4132 801 4186 aiei
817 4133 890 4202 quod
905 4133 958 4187 erit
967 4135 1111 4203 proponit:
1128 4151 1274 4205 numquam
1291 4136 1380 4194 fuerit

256 4210 302 4264 his
318 4210 390 4277 bene,
409 4216 440 4265 ut
456 4213 573 4268 Orelliuc
674 4217 707 4271 14
724 4217 834 4273 dimissa
851 4221 981 4274 suntdal
1083 4221 1116 4275 16
1133 4224 1227 4276 mosP
1243 4239 1306 4278 corr

258 4296 291 4350 17
309 4295 486 4367 conpingimus
504 4301 530 4352 P
642 4302 676 4356 20
693 4319 727 4356 au
744 4306 771 4357 P
785 4319 847 4359 corr
864 4321 879 4360 c
992 4305 1025 4360 22
1043 4305 1187 4362 ediserteta
1202 4309 1229 4362 P
1245 4309 1379 4366 edissem

258 4382 315 4438 Sub
415 4385 450 4439 23
466 4386 590 4456 quioquid
608 4389 634 4454 (c
651 4405 686 4444 cc
703 4388 731 4458 d)
748 4391 774 4442 P
874 4390 909 4444 24
925 4391 995 4445 diac
1012 4392 1039 4446 P
