2916 5010
587 479 685 538 Liber
702 481 740 538 II.
1176 482 1217 548 71

100 677 258 763 octoginta
280 676 330 744 uel
350 676 408 742 hec
429 675 578 760 amplius,
611 674 662 742 uel
689 674 827 742 fecerunt
854 674 905 742 uel
931 691 1037 758 passae
1074 675 1147 742 sunt
1169 673 1219 741 nel

100 782 221 849 locutae
243 784 315 848 sunt
336 779 387 846 uel
414 780 583 846 audierunt.
621 780 648 845 si
680 779 761 846 enim
789 779 944 846 obstaculo
971 777 1128 862 perficitur
1150 797 1216 846 cor-

101 885 201 968 poris,
217 904 255 950 ne
276 883 475 950 meminerint
496 887 602 949 ebrum
624 901 701 965 quae
715 882 895 950 iamdudum
918 884 950 948 et
972 885 1042 948 ante
1062 882 1217 949 hominem

100 989 247 1067 sciebant,
271 988 371 1073 magis
394 987 441 1052 est
462 989 497 1052 ut
520 1006 555 1052 ea
582 986 712 1051 debeant
733 985 874 1053 obliuisci
902 1005 979 1077 quae
1005 985 1163 1054 conclusae
1184 985 1217 1050 in

48 1125 65 1165 5
99 1091 276 1176 corporibus
309 1091 491 1157 factitarunt
523 1110 616 1173 quam
648 1109 725 1172 quae
759 1089 833 1154 foris
865 1090 983 1172 positae
1016 1109 1051 1156 ac
1082 1091 1216 1158 nondum

99 1195 276 1262 hominibus
309 1195 497 1280 coniugatae.
533 1195 612 1276 quod
650 1194 731 1258 enim
770 1194 860 1260 rebus
898 1195 1044 1280 ingressis
1081 1196 1217 1278 priorum

99 1299 306 1384 repetentiam
327 1299 471 1375 detrahit,
494 1300 526 1363 et
544 1297 628 1362 intra
650 1315 681 1361 se
704 1301 791 1381 gesta
812 1298 1035 1388 inrecordabili
1049 1297 1139 1366 debet
1162 1298 1216 1364 ob·

99 1403 274 1469 liberatione
297 1402 468 1486 deperdere.
496 1420 557 1466 una
579 1401 661 1466 enim
683 1419 773 1466 causa
795 1419 843 1466 res
865 1401 940 1468 duas
964 1402 1084 1470 officere
1106 1412 1141 1470 ao
1156 1403 1217 1470 sibi

100 1506 266 1574 contrarias
288 1523 347 1571 non
368 1507 479 1588 potest,
501 1507 538 1570 ut
559 1503 688 1570 aliorum
710 1505 871 1571 memorias
902 1507 1009 1589 sopiat,
1032 1508 1096 1574 alia
1115 1509 1216 1591 patia-

52 1641 87 1680 10
99 1611 152 1676 tur
173 1611 285 1677 actoris
307 1609 595 1676 in‘reoordationem
609 1609 723 1674 uenire.
747 1609 876 1690 quod—si
898 1611 1109 1694 animaequae
1125 1631 1215 1679 uoca-

99 1715 142 1780 tis
164 1715 372 1781 membrorum
404 1712 617 1798 impediuntur
639 1712 812 1791 obstaculo,
822 1747 835 1758 -ι
844 1715 1006 1796 quominus
1036 1716 1117 1782 artes
1147 1734 1216 1783 suas

99 1819 191 1902 atque
207 1819 348 1902 antiquas
364 1815 609 1895 reminiscantur,
632 1816 664 1881 in
680 1807 855 1900 corporibus
869 1817 945 1901 ipsis
960 1819 1216 1901 quemadmodum

99 1921 283 1989 constitutae
305 1922 512 1988 meminerunt
527 1923 558 1987 et
580 1921 681 1988 sciunt
703 1923 821 1988 animas
843 1941 875 1990 se
897 1941 961 1989 csse
985 1923 1015 1987 et
1030 1924 1217 2008 corporalem

98 2026 306 2093 substantiam
336 2045 396 2091 non
424 2026 551 2102 habere,
584 2025 820 2092 inmortalitatis
850 2025 1024 2093 condicione
1054 2029 1214 2111 mactatae,
1304 2087 1305 2090 ,

51 2158 84 2198 15
98 2149 190 2213 quem
211 2131 335 2195 teneant
356 2129 388 2195 in
410 2130 500 2196 rebus
523 2129 662 2214 gradum,
685 2147 744 2211 quo
766 2131 830 2195 sint
848 2128 853 2214 1
873 2131 978 2196 ordine
1000 2132 1101 2199 adeo
1116 2135 1204 2217 patre
1214 2140 1233 2195 f.
1241 2140 1274 2194 41

97 2234 256 2314 discretae,
278 2234 318 2299 ad
339 2233 446 2300 infima
467 2234 541 2299 haec
567 2233 675 2299 mundi
702 2251 834 2315 quanam
866 2235 983 2300 ratione
1009 2237 1213 2321 peruenerint,

97 2356 175 2420 quas
197 2356 231 2403 er
253 2337 365 2421 quibus
388 2338 511 2404 circulis
533 2337 705 2421 qualitates,
729 2336 804 2403 dum
825 2338 859 2401 in
880 2337 953 2403 haec
975 2338 1043 2405 loca
1057 2339 1213 2422 labuntur,

97 2441 308 2508 attraxerint?
336 2441 609 2525 quemadmodum,
643 2442 786 2525 inquam,
821 2442 923 2507 sciunt
956 2441 1149 2511 doctissimas
1182 2463 1214 2511 se

96 2545 192 2612 fuisse
214 2548 245 2612 ct
266 2547 472 2613 obstructione
494 2565 652 2630 corporum
674 2547 813 2614 amisisse
829 2566 904 2630 quae
919 2549 1088 2614 nouerant?
1112 2550 1143 2615 et
1157 2549 1214 2614 hoo

50 2674 83 2714 20
96 2651 199 2734 ipsum
228 2650 310 2716 enim
328 2652 446 2716 nescire
467 2653 649 2731 debuerant,
673 2651 700 2716 si
728 2651 844 2734 aliquid
873 2649 916 2717 eis
941 2652 1022 2718 labis
1051 2653 1212 2736 corporalis

96 2753 270 2820 inuexisset
292 2755 461 2821 adiunctio:
484 2775 557 2822 nam
579 2759 653 2822 scire
675 2756 749 2837 quid
770 2755 864 2822 fueris
893 2757 923 2821 et
946 2755 1020 2838 quid
1041 2755 1131 2820 hodie
1153 2775 1212 2822 non

96 2858 150 2937 sis,
172 2875 233 2922 non
256 2863 303 2924 est
326 2859 449 2943 signum
471 2859 635 2924 momoriae
666 2858 803 2940 perditae
825 2857 879 2924 sed
895 2859 1108 2942 ¹comprobatio
1130 2859 1211 2925 indi-

95 2960 239 3043 ciumque
262 2964 406 3027 seruatae.
440 2980 516 3045 quae
539 2983 609 3029 cum
631 2963 675 3027 ita
698 2981 729 3027 se
751 2962 898 3040 habeant,
921 2962 1066 3046 desinite,
1090 2969 1260 3047 quaesatb

96 3065 230 3131 desinite
259 3085 306 3132 res
327 3086 438 3150 paruas
462 3070 554 3150 atque
581 3067 682 3152 exigui
710 3067 855 3133 mominis
887 3065 1074 3132 immanibus
1101 3066 1210 3149 pretiis

49 3191 81 3232 aa
98 3169 270 3249 aestimare,
292 3169 421 3236 desinite
442 3171 611 3249 hominem,
632 3159 814 3252 proletarius
842 3188 911 3235 cum
934 3169 986 3249 sit,
1009 3169 1157 3252 classicis,
1180 3170 1211 3234 et

95 3272 197 3354 capite
220 3293 291 3339 oum
321 3276 495 3355 censeatur,
529 3275 701 3341 adscribere
729 3275 884 3342 ordinibus
912 3273 1038 3357 primis,
1072 3293 1142 3340 oum
1169 3272 1210 3337 sit

93 3375 192 3457 inops,
215 3396 345 3462 paupere
365 3378 429 3444 lare
451 3382 482 3444 et
503 3379 621 3464 tugurii
641 3378 782 3461 pauperis
803 3396 858 3444 nec
884 3377 1033 3462 patriciae
1060 3377 1210 3443 claritatis

128 3669 145 3723 5
162 3671 263 3738 positae
275 3686 305 3726 ac
317 3673 430 3740 scripsi:
447 3674 548 3743 positae
561 3673 588 3728 P
598 3674 701 3742 positae
718 3675 745 3727 et
768 3673 818 3728 Urs
919 3673 936 3726 6
953 3672 1031 3727 rebus
1050 3672 1094 3727 del
1112 3671 1208 3742 Ripal-

92 3757 149 3811 ta‘as
167 3772 194 3810 se
207 3755 222 3810 ‚2
233 3757 347 3813 rorum?
448 3761 464 3814 9
483 3761 628 3815 contrarias
650 3760 715 3814 cer:
733 3759 868 3814 contraria
886 3759 913 3814 P
1016 3759 1050 3816 12
1069 3759 1148 3828 atque
1166 3774 1208 3813 om

98 3842 153 3896 Urs
287 3845 400 3915 antiqua
426 3845 621 3902 Obertboere'oa
640 3841 700 3901 ‘orat
722 3846 833 3915 antiqua
849 3845 1021 3900 scribendum
1039 3851 1078 3900 eat
1095 3851 1155 3912 out,
1178 3845 1209 3899 a'd

92 3928 167 3998 qaod
184 3931 267 3998 molo,
291 3933 493 3987 sobetoratiwom
510 3940 639 3987 acerram
652 3933 766 4000 prorae
783 3933 952 3988 datmmdisee
968 3927 1086 3987 oidetoor’
1106 3931 1206 3986 Kloss-

19 4066 22 4072 .
91 4032 213 4072 moneas
304 4017 337 4070 15
354 4019 462 4072 teneant
484 4017 550 4072 oet.-
568 4020 660 4073 tenont
678 4019 704 4072 P
798 4019 831 4072 16
847 4018 948 4072 imfima
966 4017 993 4072 P
1085 4018 1119 4071 20
1136 4016 1206 4070 labis

92 4102 164 4156 Sat.-
182 4103 255 4158 labes
273 4104 301 4158 P
409 4105 444 4158 22
460 4103 534 4158 cased
553 4105 580 4158 P
680 4105 713 4159 23
731 4107 852 4174 seruatae
870 4103 940 4160 Sob:
958 4120 1061 4158 seruare
1079 4105 1106 4158 P

90 4189 128 4244 24
144 4189 272 4244 mominis
284 4191 441 4246 Macrales:
453 4190 569 4244 nominis
581 4191 609 4245 P
693 4191 804 4260 praetiis
817 4192 844 4244 P
922 4191 956 4246 25
969 4189 1099 4244 desinitse
1112 4190 1140 4244 P

90 4262 251 4344 proletarius
274 4277 340 4332 Gal:
357 4276 485 4346 prolatari
503 4278 530 4330 P
546 4277 673 4345 protelari
691 4278 745 4332 Sub
854 4277 971 4332 classicis
994 4277 1061 4331 Ura.-
1079 4275 1205 4331 classicus

90 4381 120 4433 P
137 4379 265 4436 classibus
288 4381 337 4435 aa
438 4383 471 4437 26
494 4357 579 4450 capite⁰
605 4384 628 4450 (e
646 4398 680 4436 aa
698 4383 738 4450 ae)
757 4382 785 4437 P
801 4385 879 4452 caput
901 4382 955 4436 Sab
1012 4399 1013 4402 ¹
1072 4395 1131 4433 cum
1149 4379 1206 4435 odd

93 4467 146 4522 ser
215 4467 248 4523 27
266 4468 669 4537 paupereKettaercerpaupcr
682 4470 710 4522 P
775 4468 903 4537 patriciae
919 4468 1012 4536 Get-p
1029 4466 1139 4521 triaeP
