2950 5006
575 503 675 558 Liber
694 503 731 558 lL
1046 553 1048 566 ,
1157 504 1201 574 ῡῙ

88 679 186 744 amu
206 677 268 744 sint
289 693 307 740 a
328 675 415 741 uobis
436 675 590 760 proposita
611 674 771 760 religionis
792 675 882 742 huius
898 675 1093 758 sequentibus
1108 674 1202 760 leges,

93 781 244 865 augeatur
272 798 319 844 res
347 778 447 864 magis
468 781 499 844 et
521 781 626 845 contre
654 795 760 844 omnes
789 778 891 844 minas
916 780 1008 862 atquc
1036 779 1202 846 interdicta
1271 861 1273 866 ι

95 882 296 949 formidinum
316 882 484 948 animosius
510 882 642 964 populus
669 881 826 948 obnitatur
858 881 890 946 et
911 879 951 946 ad
972 881 1113 948 credendi
1133 884 1201 948 stu·

96 987 185 1052 diurn
205 985 419 1070 prohibitionis
439 985 536 1068 ipsius
560 984 696 1050 stimulis
718 985 888 1050 excitetur?
908 1003 950 1050 ¹un
963 985 1113 1067 numquid
1127 985 1202 1052 haec

72 1089 164 1154 ederi
192 1089 307 1172 passim
335 1090 367 1163 et
388 1087 520 1152 inaniter
548 1087 687 1167 creditis,
722 1081 857 1153 fortuitis
884 1081 1055 1154 incursibus
1082 1087 1202 1154 adsumi

95 1193 152 1258 lias
174 1193 314 1258 mentes?
335 1191 419 1256 itane
440 1191 525 1256 istud
539 1208 598 1256 non
620 1190 762 1258 diuinum
783 1191 816 1255 et
831 1209 963 1270 sacrum,
975 1190 1042 1256 esti
1063 1192 1118 1257 cut
1138 1191 1202 1256 sine

94 1297 152 1360 deo
172 1312 279 1360 acrum
301 1294 403 1360 tantas
426 1293 596 1359 animorum
619 1293 684 1358 fieri
706 1295 922 1373 conmunionis,
945 1295 991 1372 ut,
1013 1313 1082 1360 cum
1104 1293 1201 1363 carui·

95 1398 164 1464 licis
186 1398 257 1463 unci
279 1397 393 1480 aliique
414 1396 567 1462 innumeri
599 1397 754 1462 cruciatus
782 1399 1037 1479 quemadmodum
1070 1398 1201 1464 diximus

88 1501 296 1583 impendeant
317 1498 494 1578 credituris,
518 1499 604 1564 uelut
626 1500 756 1581 quadam
779 1499 938 1566 dulcedine
958 1502 1049 1583 atque
1072 1531 1112 1566 aa
1135 1518 1202 1566 cm·

52 1627 88 1666 re
97 1604 185 1668 nium
207 1603 369 1668 uirtutum*
384 1619 486 1668 amore
501 1601 631 1685 correpti
647 1601 785 1685 cognitas
801 1603 951 1685 accipiant
966 1604 1097 1670 rationes
1112 1604 1203 1686 atquc

97 1705 207 1771 mundi
228 1705 370 1770 omnibus
392 1705 480 1769 rebus
502 1707 689 1786 praeponant
711 1705 866 1771 amicitias
888 1705 1023 1771 Christi?
1043 1707 1103 1772 nisi
1125 1707 1232 1774 ferrer

87 1807 221 1874 obtunsi
244 1810 275 1873 et
297 1806 377 1873 fetui
399 1807 543 1872 uidentur
564 1806 597 1871 hi
619 1807 721 1886 urbm,
746 1807 798 1890 qui
819 1826 873 1890 per
895 1811 995 1874 orbem
1018 1810 1081 1875 iam
1103 1811 1203 1876 totum
1322 1816 1327 1826 “

92 1911 274 1994 conspirant
296 1912 329 1976 et
343 1911 451 1976 coeunt
471 1910 504 1974 in
518 1910 609 1975 istius
625 1911 814 1976 credulitatis
829 1913 998 1976 adsensum.
1022 1911 1095 1994 quid
1111 1917 1204 1996 ergo?

97 2031 153 2078 uos
176 2014 238 2079 soli
256 2013 423 2096 sapientiae
434 2014 459 2094 si
473 2012 588 2078 conditi
610 2014 702 2096 atquc
716 2013 944 2098 intellegentiae
958 2014 990 2078 ui
1005 2034 1089 2080 mere
1103 2016 1203 2080 nescio

59 2116 172 2199 sequid
188 2119 208 2198 †
224 2115 309 2181 eliud
331 2115 444 2181 uidetis
467 2115 500 2180 et
518 2115 715 2197 profundum:
739 2117 795 2182 soli
818 2135 881 2182 esse
902 2135 999 2200 nugas
1021 2117 1204 2202 intellegitis

95 2220 171 2284 hacc
203 2219 320 2297 omnia,
354 2219 411 2284 soli
443 2220 535 2284 uerba
567 2219 600 2283 et
631 2218 761 2300 pucriles
787 2219 919 2299 ineptias
948 2237 984 2284 ea
1012 2237 1089 2300 quae
1117 2218 1203 2284 nobis

95 2322 307 2406 promittimus
329 2320 492 2403 principali
514 2320 551 2384 cb
574 2338 645 2403 rege
659 2323 796 2387 uentura.
830 2321 909 2386 unde
929 2339 1039 2403 quaeso
1055 2323 1102 2386 est
1116 2321 1203 2388 uobis

92 2426 218 2490 tanturn
241 2424 407 2507 sapientiae
429 2423 590 2502 traditum,
612 2425 693 2489 unde
714 2424 862 2490 acuminis
885 2426 915 2490 ct
935 2424 1113 2490 uiuacitatis
1135 2426 1211 2489 tan-'

95 2530 166 2594 tum
188 2527 239 2594 uel
260 2547 295 2592 er
316 2527 426 2610 quibus
441 2527 585 2592 scientiae
599 2526 769 2609 disciplinis
785 2528 907 2593 tantum
922 2527 1019 2594 cordis
1035 2527 1201 2604 adsumere,
1252 2592 1256 2606 ,

48 2650 86 2690 v2³1)
100 2631 300 2696 diuinaticnis
322 2631 445 2694 tantum
466 2630 609 2712 potuistis
630 2630 787 2714 haulrire?
809 2631 881 2713 quia
900 2649 1057 2714 percarus
1079 2631 1110 2696 et
1124 2631 1273 2695 tem-ccc

102 2751 177 2817 pora
205 2733 355 2798 declinare
385 2733 476 2798 uerba
504 2732 588 2797 scitis
618 2732 649 2796 ct
670 2731 808 2810 nomina,
841 2733 914 2815 quia
937 2751 1031 2799 ¹uocas
1059 2733 1203 2798 barbaras

96 2837 351 2918 soloecismosque
383 2835 496 2914 uitare,
530 2837 600 2918 quic
628 2853 824 2900 numerosum
852 2837 884 2902 ct
906 2836 1057 2902 structum
1083 2853 1204 2920 compo-

95 2940 251 3022 situmque
273 2957 442 3004 sermonem
467 2941 521 3004 aut
542 2938 600 3020 ipsi
622 2956 675 3004 uos
698 2938 795 3003 nostis
817 2939 930 3004 ecferre
952 2939 1006 3004 aut
1031 2938 1167 3021 incompt
1245 2965 1249 2974 ·

96 3062 169 3108 cum
191 3041 283 3108 fuerit
305 3042 392 3121 scire,
416 3041 487 3124 quie
509 3041 666 3106 domicum
682 3040 874 3106 Lucilianum
897 3043 929 3107 et
943 3041 1098 3126 Marsyam
1112 3043 1205 3107 Pom·

51 3145 168 3228 seponi
190 3146 386 3229 obsignatum
409 3144 555 3210 memoria
575 3144 746 3224 continetis,
763 3144 842 3226 ¹quia
864 3162 941 3226 quac
963 3145 1027 3210 sint
1047 3145 1080 3210 in
1097 3145 1205 3212 litibus

96 3248 345 3326 constitutiones,
374 3248 448 3328 quot
475 3265 635 3312 causarum
663 3266 801 3332 genera„
818 3248 892 3330 quot
920 3248 1103 3328 dictionum,
1131 3249 1205 3331 quid

95 3349 141 3415 sit
162 3369 268 3434 genus,
290 3348 364 3431 quid
386 3349 510 3432 species,
539 3350 712 3432 oppositum
735 3369 754 3416 a
776 3351 925 3416 contrario
948 3351 1058 3433 quibus
1080 3351 1206 3416 rationi·

97 3455 155 3519 bus
177 3452 392 3536 distinguatur,
419 3451 532 3517 idcirco
555 3470 609 3516 uos
624 3451 816 3518 arbitramini
829 3452 916 3534 scire,
937 3452 1012 3535 quid
1026 3453 1069 3518 sit
1082 3453 1205 3529 falsum,

131 3655 310 3726 3animosius
334 3653 397 3721 Scir,
415 3669 445 3706 r:
473 3653 576 3706 animus
595 3653 623 3706 P
644 3652 788 3706 enimnsius
811 3669 824 3708 c
958 3655 975 3708 4
998 3653 1114 3709 stimulis
1137 3644 1206 3711 Scir:

94 3743 222 3798 stimulus
240 3742 268 3795 P
366 3740 382 3793 7
400 3738 529 3793 carnificis
547 3739 612 3793 Ure:
637 3738 770 3794 carnifices
787 3740 815 3793 P
916 3739 933 3794 8
950 3741 1046 3810 aliique
1065 3741 1134 3796 sac:
1152 3741 1201 3796 eli.

93 3845 175 3898 quem
199 3829 226 3880 P
241 3827 361 3896 aliquer
495 3825 511 3878 9
529 3822 676 3892 aquodam
698 3823 751 3879 Scir
885 3825 1013 3882 luctuum
1034 3827 1154 3897 maadi:
1172 3827 1205 3895 cf.

89 3933 124 3986 p.
137 3919 174 3970 47
185 3913 248 3968 odra
344 3911 376 3964 11
387 3911 550 3979 praeponant
565 3907 629 3964 Get.-
646 3909 792 3977 proponant
801 3911 832 3964 ‘P
926 3911 958 3966 13
970 3912 1139 3980 quitPcorr

97 4003 132 4057 14
143 3999 296 4056 conditiore
311 3997 363 4052 Urs
378 3994 470 4050 aliti?
570 4009 658 4048 macra
671 3995 698 4048 P
796 3996 828 4050 15
846 3997 907 4066 quit
922 3999 1022 4052 Pcorr
1122 3998 1204 4068 aliud]

91 4086 220 4142 abditum
243 4085 294 4140 Urs
319 4083 404 4138 altum
421 4080 565 4136 Madnasa
591 4079 758 4134 conditum?
876 4082 1043 4152 profundum]
1070 4083 1206 4142 conditum

98 4174 154 4228 Urs
203 4161 207 4170 ’
256 4172 288 4226 16
311 4168 441 4238 inceptiss
461 4167 489 4220 P
589 4164 621 4217 18
645 4166 797 4223 uibacitetis
820 4167 848 4224 P
861 4183 921 4222 corr
1021 4170 1053 4223 22
1076 4171 1206 4226 structum

101 4259 255 4315 Votienus.-
284 4257 445 4311 instructum
462 4253 490 4305 P
607 4251 640 4308 23
658 4252 786 4308 efferres
821 4281 824 4286 ·
903 4253 938 4310 24
955 4253 1121 4310 Lucilianum
1142 4253 1206 4312 θεῖε

93 4341 291 4400 lucialinumP
377 4341 410 4392 26
428 4336 536 4408 quodP
617 4336 725 4405 quch
808 4338 871 4408 quid
889 4339 1072 4408 sitgenuscm
1085 4340 1138 4398 Sat

89 4431 130 4486 27
148 4429 208 4500 cuit
225 4429 253 4483 P
263 4441 324 4490 corr
336 4440 363 4478 c.·
381 4425 418 4480 cic
435 4429 461 4478 ct
474 4427 570 4492 postca
1184 4463 1187 4466 -

1066 4531 1105 4583 μ
