2916 5010
578 462 677 516 arser
697 463 763 518 1111.
963 542 966 560 ι
1164 467 1223 534 157

112 632 194 716 ipsos
216 634 400 716 quicumque
421 636 494 699 sont
515 636 700 700 contrahatis
716 635 795 715 deos,
819 640 898 719 quod
913 657 949 701 ex
963 638 1048 720 turpi
1062 637 1224 703 concubitu

113 735 239 802 creditis
261 738 354 818 atque
376 755 411 803 ex
433 738 558 803 seminis
582 738 665 804 iactu
687 739 860 822 ignoratam
883 739 944 804 sibi
959 740 998 804 ad
1013 741 1114 805 lucem
1129 739 1224 804 bene·

111 841 190 906 ficiis
212 839 408 904 obscenitatis
429 841 546 905 exisse?
568 857 622 906 nos
645 841 736 920 enirn,
760 861 797 907 ne
819 844 888 924 quie
906 842 984 908 forte
999 842 1153 908 existimet
1174 844 1224 927 ig·
1254 857 1290 906 'r

112 960 236 1027 nonore,
267 943 397 1022 nescire,
425 943 498 1026 quid
526 944 617 1010 istius
645 945 779 1010 nominis
802 945 963 1010 conueniat
984 945 1146 1029 dignitati,
1170 949 1224 1010 aut

90 1046 288 1112 rnatiuitatis
311 1048 446 1128 expertes
469 1047 539 1112 deos
562 1065 626 1112 esse
648 1049 786 1130 oportere
802 1066 969 1126 censemus,
994 1048 1047 1113 aut
1062 1049 1089 1112 si
1104 1048 1223 1130 aliquos

110 1149 198 1214 ortus
223 1149 228 1233 Ι
253 1149 437 1226 habent‚ab
460 1149 704 1215 dominororum
728 1168 763 1216 ac
789 1151 926 1233 principe
952 1151 1120 1216 rationibus
1148 1151 1305 1232 quasf·88'’

109 1253 177 1336 ipse
198 1252 285 1318 nouit
314 1250 400 1339 [ipse]
424 1253 562 1318 ducimus
590 1256 680 1335 atque
708 1255 917 1320 existimamus
946 1255 1087 1333 emissos,
1110 1254 1220 1318 imma·

110 1355 229 1422 culatos
262 1355 450 1421 castissimos
482 1375 589 1438 puros,
623 1357 793 1422 nescientes
830 1377 908 1440 quae
935 1357 976 1422 sit
1003 1358 1133 1422 foeditas
1160 1358 1221 1422 ista

110 1458 238 1525 coeundi
267 1457 298 1524 et
315 1477 420 1541 ,usque
449 1459 489 1523 ad
509 1459 580 1524 illos
606 1459 689 1542 ipsos
712 1461 874 1543 principali
895 1461 1102 1542 procreatione
1123 1461 1219 1527 finita.

73 1589 101 1629 rc
109 1564 143 1628 at
163 1580 236 1628 uero
257 1579 312 1626 nos
334 1563 438 1627 contra
458 1562 628 1627 maiestatis
650 1563 834 1628 inmemores
854 1567 885 1628 ot
899 1563 1101 1628 sublimitatis
1114 1561 1271 1628 armare

109 1683 159 1731 eas
186 1665 251 1731 illis
280 1665 447 1750 adiungitis
477 1665 655 1732 natiuitates
688 1667 833 1748 ortusque
860 1683 909 1731 eos
939 1666 1114 1733 adscribitis
1148 1685 1221 1748 quos

107 1769 242 1852 ingeniis
263 1767 445 1834 lautioribus
466 1768 606 1833 homines
629 1769 660 1834 et
682 1769 866 1835 execrationi
888 1770 1019 1834 habeant
1042 1770 1075 1834 et
1094 1770 1220 1836 horrori.

108 1889 145 1936 ex
166 1869 245 1954 Ope,
274 1871 419 1952 inquitis,
450 1872 547 1935 matre
570 1873 601 1937 et
623 1889 659 1936 ex
680 1872 819 1954 genitore
842 1872 973 1938 Saturno
996 1891 1067 1938 cum
1088 1873 1152 1938 suis
1174 1874 1220 1937 est

106 1975 198 2039 natus
225 1973 381 2056 Diespiter
411 1973 571 2039 fratribus.
610 1992 718 2040 uxores
747 1974 829 2040 enim
859 1975 902 2040 dii
930 1976 1045 2041 habent
1075 1977 1167 2058 atque
1189 1975 1222 2040 in

70 2101 99 2140 ra
107 2077 283 2163 coniugalia
303 2077 680 2143 foedera·condicionibus
708 2078 837 2143 ueniunt
863 2080 935 2144 aab
962 2079 1132 2161 quaesitis?
1164 2098 1221 2144 usu
1303 2129 1311 2134 .

106 2182 206 2246 farreo
240 2180 429 2263 coemptione
456 2181 584 2264 genialis
607 2181 719 2245 lectuli
736 2184 926 2246 sacramenta
947 2181 1133 2246 condicunt?
1164 2181 1220 2244 ha-

107 2284 182 2349 bent
196 2286 342 2366 speratas,
363 2283 479 2348 habent
493 2287 609 2367 pactas,
632 2283 747 2349 babent
761 2283 953 2364 interpositis
968 2283 1219 2365 stipulationibus

104 2383 256 2470 sponsas?
284 2388 315 2451 et
337 2385 411 2468 quid
433 2387 568 2468 deipsis
598 2386 824 2452 condicionibus
854 2386 1025 2468 loquimur,
1048 2384 1221 2468 quandoet

106 2490 255 2573 quosdam
270 2489 392 2571 nuptias
407 2489 572 2555 celebrasse
587 2490 617 2554 et
632 2490 724 2555 festas
739 2489 881 2554 babuisse
903 2488 1088 2571 frequentias
1106 2525 1122 2556 a
1136 2487 1219 2553 dioe-

69 2610 139 2657 rcre
153 2594 185 2658 et
197 2593 308 2659 lusisse
321 2593 354 2657 in
368 2593 417 2657 his
432 2593 504 2658 deas
527 2593 567 2671 et,
590 2594 671 2675 quod
691 2594 854 2677 participes
871 2590 1014 2680 [etquid]
1030 2591 1219 2658 fescennino·

104 2715 176 2762 rum
197 2714 259 2761 non
281 2697 393 2776 essent,
421 2696 617 2779 perturbasse
639 2695 798 2762 discordiis
825 2697 925 2762 omnia
952 2697 983 2760 ct
1009 2696 1165 2761 hominum
1186 2695 1219 2759 in

104 2800 263 2882 postemm
289 2817 387 2884 genus
415 2798 579 2864 exitiorum
608 2797 721 2864 senisse
743 2798 950 2865 discrimina?
983 2798 1089 2862 sedin
1112 2797 1265 2867 ceterisal

104 2903 236 2969 forsitan
258 2901 360 2967 minus
381 2902 473 2967 buius
495 2897 616 2966 eluceat
636 2901 840 2982 turpitudinis
863 2901 999 2966 foeditas.
1033 2919 1143 2984 ergone
1164 2901 1220 2964 ille

104 3008 203 3072 rector
224 3006 306 3090 poli,
328 3006 416 3088 pater
438 3004 563 3068 deornm
586 3003 812 3092 athomum,
835 3005 996 3086 supercilio
1018 3003 1051 3068 id
1073 3004 1120 3068 est
1141 3006 1218 3067 nutu

69 3110 208 3175 ratetum
237 3110 358 3174 motans
380 3109 412 3172 et
441 3107 656 3172 tremefaciens
686 3106 818 3185 caelum,
851 3124 886 3170 ex
911 3107 979 3171 uiro
1005 3108 1162 3171 concretus
1189 3107 1218 3169 et
1288 3131 1291 3139 ·

104 3211 222 3277 femina
246 3212 316 3275 est?
347 3211 380 3274 et
400 3209 461 3274 nisi
489 3209 579 3274 ambo
602 3227 634 3273 se
665 3227 752 3274 sexus
774 3209 806 3273 in
840 3209 983 3273 obscenas
1017 3207 1219 3275 dissoluerent

139 3449 245 3504 2iactu
262 3449 331 3504 Sabe
353 3450 415 3502 actu
433 3448 461 3502 P
562 3445 687 3501 beneficio
705 3461 748 3499 eos
771 3444 823 3499 Ure
873 3451 877 3456 '
922 3444 1088 3514 4dignitati
1110 3445 1171 3509 Sub,
1189 3459 1218 3497 r.-

103 3534 248 3604 dignitatis
261 3536 289 3589 P
348 3533 418 3604 ¹aut]
432 3531 562 3587 saneSob
634 3531 745 3586 daSab
817 3529 1058 3599 prinoipesPcorr
1134 3529 1219 3597 lipse

102 3619 345 3677 oechccitZa'alcias
368 3621 439 3688 ipsos
459 3618 513 3674 Sat
633 3619 740 3671 emissos
758 3613 827 3670 Ura.-
851 3617 875 3670 ei
892 3616 988 3670 missos
1004 3616 1031 3667 P
1052 3631 1108 3669 esse
1123 3615 1217 3668 missos

104 3708 160 3762 Sub
271 3705 481 3760 merendune·
498 3707 523 3756 P
632 3703 665 3758 14
682 3706 780 3770 gnatus
799 3702 826 3755 P
843 3717 903 3756 corr
1010 3702 1043 3756 15
1059 3691 1173 3770 quaesiti
1191 3701 1219 3753 P

80 3794 201 3848 *corrrc‘
302 3792 335 3845 16
346 3791 415 3844 farre
431 3789 482 3843 Urs
584 3789 725 3843 condicunt
741 3788 805 3842 Ure:
822 3787 1013 3842 conducuntP
1113 3787 1146 3841 18
1158 3801 1216 3840 oon-

103 3876 252 3931 dicionibns
272 3877 383 3944 sm'qrsi:
407 3874 636 3928 coniunctionibus
654 3875 681 3927 P
790 3873 823 3927 19
842 3875 867 3927 et
884 3874 911 3927 P
1018 3872 1143 3926 keccam
1164 3873 1215 3941 sip-

7 3977 8 3980 ’
102 3963 187 4017 naal.-
204 3961 374 4016 intercidisse
384 3961 498 4016 addetur
509 3959 613 4014 audetis
625 3961 670 4014 acl
680 3959 767 4014 dmde
778 3960 892 4014 acrorem
992 3957 1083 4012 dicitis
1095 3958 1149 4012 dab

102 4048 137 4102 20
159 4050 186 4101 et
206 4047 270 4115 quid
288 4063 330 4101 cra
347 4046 401 4101 Sab
535 4045 742 4100 iesconinoorum
759 4046 799 4100 dc
817 4044 888 4100 Sat.-
913 4045 1105 4099 fescenniorum
1122 4044 1150 4098 P

102 4134 134 4187 a'a
151 4149 193 4203 mq
210 4149 239 4185 ·r·
340 4133 373 4186 21
391 4132 527 4186 bominum
544 4132 573 4185 in
590 4132 700 4200 scripsi:
722 4131 837 4185 humano
853 4132 883 4185 in
901 4131 928 4185 P
949 4130 979 4184 in
996 4131 1141 4184 humanum
1159 4129 1213 4184 sao

101 4217 249 4272 humanum
266 4219 295 4271 in
317 4217 444 4272 Oeldcrao
562 4218 596 4270 22
612 4218 709 4270 senisse
732 4216 797 4271 Ure:
819 4216 932 4270 saeuisse
949 4217 976 4271 P
1075 4216 1214 4285 24snper·

103 4305 166 4359 cilio
183 4303 212 4358 id
229 4305 271 4357 est
288 4305 357 4357 nutu
373 4304 482 4372 scripsi:
500 4301 640 4372 supercilio
658 4304 736 4357 inutu
755 4303 782 4356 P
805 4301 944 4370 supercilio
962 4304 990 4356 et
1006 4303 1075 4355 nutu
1092 4302 1146 4356 dab

102 4392 137 4446 26
155 4407 182 4444 so
199 4389 308 4446 addidit
324 4390 544 4445 Hildebrcada'ae
645 4388 851 4443 dissoluerentox
871 4387 921 4442 Gal
1033 4401 1037 4407 ’
