2888 5008
249 489 312 556 226
553 484 696 541 Aruobii
718 486 878 542 aduersus
901 484 1052 540 nationes

249 659 452 728 communiter
474 659 627 725 audienda
648 658 838 742 depromere.
870 657 1017 741 quidnam
1032 659 1080 724 eet
1094 657 1189 738 istud
1211 656 1368 739 hominos,

248 762 329 846 quod
356 762 416 846 ipsi
443 778 498 826 uos
525 761 608 828 ultro
635 761 668 826 in
690 765 755 828 tam
776 760 926 844 promptis
948 779 983 827 ac
1004 760 1172 845 perspicuis
1193 759 1287 824 rebus
1309 775 1369 823 uo·

248 865 384 934 luntario
404 864 518 932 fallitis
532 866 565 932 et
579 863 831 931 circumscribitis
846 865 1016 932 caecitate?
1038 863 1183 930 (incutite
1198 861 1370 945 aliquando

247 968 413 1056 caliginem
440 969 630 1054 regressique
655 968 695 1034 ad
722 968 827 1034 lumen
854 966 968 1037 mentis
996 965 1163 1032 intuemini
1183 966 1313 1048 propius
1337 965 1371 1030 et

247 1072 352 1138 uidete
366 1071 451 1138 istud
465 1071 546 1154 quod
560 1071 665 1156 agitur
679 1069 769 1154 quale
784 1070 835 1152 sit,
856 1071 986 1136 simodo
1001 1069 1142 1136 retinetis
1155 1069 1205 1134 ius
1220 1070 1370 1134 uestrum
1388 1089 1399 1129 ι

246 1178 339 1259 atquc
352 1175 386 1240 in
401 1173 513 1240 finibus
528 1173 616 1241 uobis
631 1174 722 1240 datae
736 1172 863 1240 rationis
879 1173 1056 1256 consiliique
1071 1171 1246 1239 uersamini.
1264 1171 1369 1237 simu-

246 1277 331 1346 lacra
352 1279 415 1344 ista
444 1295 521 1362 quae
542 1295 597 1344 uos
619 1278 737 1342 terrem
761 1295 901 1361 quaeque
922 1277 1047 1360 templis
1069 1277 1102 1342 iu
1125 1275 1271 1341 omnibus
1293 1291 1369 1358 pro·

246 1382 338 1448 strati
360 1382 454 1463 atque
473 1379 607 1446 humiles
626 1379 760 1446 adoratis
781 1398 850 1446 ossa
869 1379 988 1462 lapides
1008 1398 1079 1446 aera
1097 1380 1179 1460 sunt,
1199 1379 1371 1462 argeutum

246 1503 357 1550 aurum
396 1483 493 1563 testa,
525 1482 648 1567 lignum
681 1485 840 1567 sumptum
873 1501 909 1548 er
943 1482 1050 1548 arbore
1075 1484 1130 1548 aut
1159 1481 1370 1548 commixtum

160 1588 404 1674 trasglutinum
426 1603 531 1671 gypso,
554 1605 590 1651 ex
612 1585 770 1651 ornatibus
790 1582 933 1672 fortaslse
955 1585 1138 1652 meretriciis
1160 1587 1215 1650 aut
1236 1603 1275 1650 ex
1293 1601 1397 1648 mu·1o

245 1689 335 1755 liebri
349 1689 475 1768 mundo,
499 1687 659 1754 camelinis
680 1707 716 1754 ex
731 1687 851 1754 ossibus
866 1690 922 1754 aut
936 1707 972 1755 ex
987 1688 1087 1754 Indici
1101 1686 1246 1754 animalis
1262 1688 1368 1767 deute,

245 1811 281 1858 ex
303 1791 492 1873 caccabulis,
519 1791 639 1870 ollulis,
669 1810 706 1858 ex
734 1791 925 1859 candelabris
947 1794 979 1858 et
999 1792 1133 1858 lucernis
1156 1791 1210 1856 aut
1232 1809 1271 1856 ex
1293 1790 1368 1856 aliis

245 1895 472 1962 obscenioribus
502 1895 635 1961 uasculr's
658 1896 815 1979 congesta,
847 1894 978 1960 conflata
998 1895 1032 1960 iu
1053 1896 1108 1960 has
1131 1894 1246 1977 species
1271 1894 1369 1959 ducta

244 2000 318 2064 sunt
339 1999 431 2081 atque
452 1998 486 2063 iu
507 1997 620 2064 formas
642 2015 718 2081 quas
739 1997 863 2063 cernitis
879 1997 1027 2076 exierunt,
1050 1997 1224 2064 fornacibus
1240 1996 1367 2062 incocta

243 2101 389 2185 figulinis,
412 2119 448 2165 ex
470 2101 634 2167 incudibus
656 2101 688 2165 et
709 2099 931 2179 maliciorum,
954 2101 1144 2184 grosisrasa,
1167 2099 1395 2165 discobinataa

244 2206 281 2271 de
302 2205 404 2284 limis,
433 2205 524 2272 serris
551 2204 749 2270 furfuraculis
776 2204 866 2270 asciis
894 2205 977 2270 secta
1002 2204 1106 2270 dolata
1131 2204 1258 2279 effossa,
1282 2204 1366 2268 tere-

243 2309 368 2374 brarum
391 2309 538 2374 exmuata
560 2307 723 2392 uertigine,
746 2308 942 2373 runcinarum
963 2308 1100 2392 lenigata
1122 2306 1160 2372 de
1174 2305 1288 2389 planis
1321 2306 1368 2371 ita

242 2412 302 2477 iste
330 2429 389 2477 non
418 2429 501 2477 error
529 2412 592 2488 est,
623 2429 683 2477 nou
711 2412 748 2476 ut
779 2411 900 2495 proprie
932 2411 1053 2478 dicatur
1081 2411 1232 2490 amentia,
1270 2409 1367 2476 deum
1431 2395 1433 2494 l

243 2517 362 2581 credere
384 2533 475 2598 quom
498 2513 596 2578 t'uto
587 2532 653 2598 ipse
672 2512 828 2594 formaris,
863 2513 1041 2596 subplicare
1060 2513 1296 2580 tremibundum
1320 2512 1367 2579 fa·
1431 2501 1432 2574 l

243 2617 377 2683 bricstae
398 2616 452 2682 abs
474 2617 506 2682 te
527 2615 583 2693 rei,
613 2617 644 2680 et
666 2635 736 2682 cum
759 2617 891 2682 scisset
912 2619 1014 2683 certus
1037 2617 1079 2682 sis
1101 2617 1149 2682 tui
1171 2634 1237 2682 esso
1262 2617 1394 2700 opcrisao

242 2721 273 2785 ot
294 2721 464 2804 digitorum
492 2720 630 2801 parturn,
658 2737 789 2801 pronum
809 2720 842 2784 in
864 2719 975 2786 faciem
1004 2739 1106 2798 ruere,
1136 2737 1226 2802 opem
1253 2739 1366 2804 rogaro

242 2823 423 2906 suppliciter
452 2821 649 2904 aduersisque
677 2823 711 2887 in
732 2823 823 2888 robus
853 2823 999 2905 atquem
1022 2823 1212 2906 temporibus
1244 2825 1366 2906 asperis

195 2926 368 3010 ltpropitii
395 2925 533 2991 numinis
563 2923 668 2992 fauore
696 2929 892 2992 succurrere?
922 2945 991 2992 ecce
1021 2927 1048 2992 si
1075 2926 1187 3008 aliquis
1210 2927 1313 3009 ponat
1335 2928 1366 2992 iu

241 3027 342 3094 medio
365 3047 416 3094 ass
438 3027 514 3094 rude
528 3030 621 3111 atquc
635 3029 667 3092 iu
682 3045 772 3111 opera
786 3029 872 3094 nulla
894 3029 1075 3108 confectum,
1098 3029 1219 3112 argenti
1242 3049 1365 3096 massas

241 3130 385 3196 indomiti
406 3131 614 3213 infectumque
630 3150 750 3209 aurum,
773 3130 904 3215 liguum,
927 3131 1044 3214 lapides
1059 3133 1151 3214 atque
1166 3149 1236 3196 ossa
1252 3151 1391 3216 rcsquca

241 3233 318 3300 alias
338 3235 453 3299 ceteras
476 3235 586 3317 quibus
609 3234 697 3318 signa
712 3236 858 3300 consueta
872 3237 945 3300 suut
960 3239 990 3300 et
1006 3235 1170 3300 numinum
1192 3235 1364 3302 simulacra

241 3338 389 3416 constare,
412 3336 508 3401 immo
530 3338 557 3402 si
579 3337 692 3420 aliquis
714 3337 809 3420 ponat
830 3338 862 3403 in
884 3337 984 3404 medio
1000 3339 1131 3403 conlisos
1145 3338 1275 3404 deorum
1290 3340 1363 3404 uul-

240 3441 307 3519 tus,
336 3439 490 3505 confracta
516 3440 608 3523 atque
635 3440 788 3506 inminuta
816 3441 980 3507 simulacra
1008 3441 1172 3524 iubeatque
1193 3459 1250 3507 uos
1277 3442 1362 3509 idem

273 3662 291 3713 4
307 3659 416 3728 propius
429 3661 492 3726 Sub,
505 3677 535 3713 r:
552 3662 672 3730 proprius
689 3660 716 3714 P
816 3661 833 3715 6
850 3659 927 3715 uobis
944 3661 1010 3716 Urs:
1028 3661 1072 3715 his
1084 3661 1111 3716 P
1214 3663 1248 3717 11
1267 3666 1362 3720 carnol-

239 3746 303 3800 linis
320 3745 348 3799 P
472 3745 505 3800 12
523 3747 655 3800 cacabulis
673 3747 736 3815 Sub,
753 3763 783 3799 r:
807 3746 954 3801 caccabulis
972 3748 1001 3802 P
1131 3749 1165 3803 15
1182 3750 1286 3818 grossis
1307 3752 1362 3808 Sub

239 3831 335 3902 grosfis
351 3832 402 3887 θεῖ
502 3831 670 3886 descobinata
687 3832 760 3887 limis
775 3832 823 3887 cel
918 3833 952 3888 16
968 3833 1141 3888 furfuraculis
1154 3834 1311 3890 Sulnsaaa'us
1329 3837 1364 3892 ud

240 3919 325 3973 Solia.
333 3935 364 3988 p.
375 3921 442 3990 774:
453 3916 652 3973 furfursaculeis
665 3919 693 3973 P
702 3918 852 3973 furfuribus
864 3919 962 3974 aculeis
974 3919 1030 3974 Sub
1043 3918 1182 3974 furflcibus
1195 3921 1297 3976 aculeis
1314 3923 1363 3978 Gcl

238 4002 383 4073 forcipibus
396 4003 494 4059 aculeis
512 4003 565 4060 Ure
574 4004 746 4074 perforaculis
759 4005 835 4059 Sclm
902 4005 980 4059 asciis
991 4005 1046 4060 Sao
1059 4006 1091 4060 ia
1100 4023 1161 4061 arr.-
1172 4007 1255 4061 ascsis
1264 4007 1294 4061 P

240 4090 272 4144 18
289 4091 411 4160 propriae
428 4090 456 4144 P
472 4106 532 4146 corr
633 4091 666 4144 21
684 4094 790 4158 partum
814 4091 879 4146 Urs.-
896 4077 978 4160 parte
988 4091 1015 4145 P
1038 4095 1124 4146 artam
1146 4092 1195 4148 Gal
1211 4107 1259 4162 por
1276 4096 1362 4149 artem

238 4175 444 4232 Klusamaocaucs
546 4176 580 4231 23
598 4176 686 4232 fauore
704 4179 732 4242 (u
745 4192 779 4230 ecc
789 4175 818 4244 b)
837 4177 865 4231 P
881 4177 985 4232 fauores
1006 4177 1065 4244 Gal,
1082 4179 1224 4233 Mcussa’us
1241 4178 1361 4235 fauorem

239 4262 315 4316 Sulca
416 4278 549 4319 accurrere
570 4263 620 4318 Gcl
637 4263 769 4332 wquberc
786 4262 926 4319 Meursius
1027 4263 1062 4318 24
1080 4265 1227 4318 confectum
1245 4268 1361 4336 scripsi:

239 4348 386 4402 coniectum
404 4351 431 4404 P
565 4351 599 4405 25
620 4350 748 4406 infectum
767 4349 820 4404 aab
955 4353 987 4406 27
1006 4351 1119 4407 conlisos
1136 4353 1249 4422 scripsi.-
1279 4356 1360 4409 conli-

149 4492 151 4498 ,
239 4449 327 4487 sorum
345 4434 372 4488 P
506 4435 540 4489 28
558 4434 691 4492 confracta
709 4436 863 4507 Ripaltsies:
887 4437 1000 4492 conflata
1018 4437 1046 4492 P
1176 4439 1244 4492 item
1261 4440 1360 4496 Heldo·
