2916 5010
587 358 741 457 sisoim.
1156 403 1217 471 103

109 580 228 643 uestrae
256 578 288 642 in
317 577 406 642 atriis
433 579 596 659 operantur
623 577 782 641 domorum
818 574 984 640 industrias
1016 574 1216 640 testificantes

107 683 200 746 snas?
222 681 395 764 potionibus
417 679 572 745 abstinent
594 679 680 744 uini?
702 678 855 743 adfinibus
877 678 909 742 et
929 678 1105 761 propinquis
1127 696 1214 743 oscu·
1323 701 1325 705 ·

106 785 167 850 lari
182 803 232 849 eas
247 784 295 848 ius
311 784 368 862 est,
391 785 426 847 ut
440 783 555 848 sobrias
577 783 773 865 comprobent
794 783 886 862 atque
901 782 1066 846 abstemias
1082 799 1114 846 se
1130 787 1216 847 esse?
1298 797 1304 808 ’

105 890 140 954 in
162 888 282 954 Albano
309 887 480 969 antiquitus
508 888 611 952 monte
639 886 739 950 nullos
760 881 845 950 'alios
872 883 985 950 licebat
1011 903 1103 966 quam
1120 886 1264 956 'niueitss

83 993 210 1056 stauros
232 991 391 1057 immolare
413 989 567 1055 candoris:
595 1006 693 1054 nonne
722 989 819 1053 istum
840 1005 954 1052 morem
977 987 1215 1071 religionemque

104 1095 249 1158 mutastis
280 1095 372 1175 atque
400 1094 434 1156 ut
463 1090 580 1158 rufulos
608 1091 713 1156 liceret
747 1091 829 1167 (lari,
864 1092 986 1156 senatus
1013 1090 1215 1155 constitutum

106 1197 263 1263 sanctione
285 1197 353 1260 est?
376 1213 445 1266 oum
467 1187 596 1260 Romulo
609 1192 831 1275 ,Pompilioque
853 1191 1054 1275 regnantibus
1075 1194 1215 1275 percocta

82 1299 197 1380 plane
223 1316 258 1362 ao
285 1297 407 1362 madida
436 1298 698 1362 concremarentur
731 1296 789 1360 diis
818 1297 901 1377 exta,
935 1312 1032 1360 nonne
1065 1313 1135 1380 rege
1157 1296 1214 1360 sub

106 1400 198 1465 Tullo
225 1400 395 1466 semicruda
421 1398 562 1481 coepistis
584 1401 616 1464 et
638 1399 746 1464 leuiter
774 1399 910 1464 animata
938 1398 1087 1479 porricere
1115 1397 1215 1481 prisca

65 1527 95 1565 ιο
104 1503 313 1569 obseruatione
339 1505 533 1585 contempta?
555 1503 627 1568 ante
648 1501 815 1567 aduentum
837 1501 869 1564 in
890 1500 1016 1566 ltaliam
1041 1498 1045 1584 l
1072 1499 1298 1568 Herculisceor

105 1625 177 1670 oum
199 1625 234 1669 er
250 1604 403 1689 Apollinis
425 1606 544 1670 monitu
566 1605 648 1686 patri
663 1604 731 1670 Diti
746 1624 781 1668 ac
796 1603 928 1669 Saturno
944 1603 1087 1668 humanis
1102 1602 1214 1685 capiti-

104 1711 163 1774 bus
185 1709 424 1792 supplicaretur,
451 1711 483 1775 et
504 1709 584 1774 buna
611 1709 755 1773 similiter
777 1726 894 1772 morem
917 1725 977 1772 non
998 1707 1105 1772 fraude
1127 1707 1214 1772 calli·
1311 1703 1318 1718 '

104 1812 178 1876 dula
206 1815 236 1877 et
257 1802 417 1877 nominum
449 1812 652 1896 ambignitate
685 1811 852 1876 mutastis?
886 1829 956 1875 cum
983 1809 1080 1893 igitur
1108 1809 1139 1874 et
1160 1827 1214 1875 uos

103 1914 165 1995 ipsi
187 1914 275 1978 modo
298 1915 369 1979 illos
391 1932 490 1980 mores
511 1918 600 1980 modo
623 1915 700 1979 alias
721 1914 804 1995 leges
826 1913 945 1978 suerius
968 1913 1075 1990 secuti,
1098 1913 1214 1978 multa-

65 2036 163 2098 mque
185 2018 235 2080 ucl
257 2017 407 2082 erroribus
429 2017 559 2100 cognitis
583 2016 633 2082 uel
654 2017 914 2081 animaduersione
935 2016 1097 2081 meliorum
1120 2016 1215 2081 sinta

103 2118 192 2184 uobis
207 2120 375 2202 repudiata,
397 2121 580 2200 contempta,
604 2118 677 2201 quid
692 2120 737 2184 est
751 2137 769 2182 a
784 2119 869 2182 nobis
891 2117 1007 2183 factum
1029 2122 1134 2184 contra
1149 2137 1214 2184 sen·
1311 2113 1313 2116 ’

104 2241 174 2286 snm
189 2221 397 2304 iudiciumque
412 2239 579 2298 commune,
599 2224 625 2286 si
639 2222 755 2286 maiora
770 2224 801 2284 et
821 2221 948 2286 certiora
969 2221 1137 2305 delegimus
1160 2241 1214 2288 nec

104 2343 211 2388 sumus
234 2343 287 2390 nos
308 2325 391 2408 passi
412 2325 559 2390 falsorum
582 2325 779 2408 religionibus
801 2324 948 2388 attineri?
981 2327 1033 2390 sed
1054 2325 1261 2391 nouellumtt

103 2443 214 2494 nomen
236 2429 283 2494 est
303 2428 495 2498 nostramet
517 2429 587 2492 ante
610 2428 674 2492 dies
696 2443 806 2510 pancos
828 2425 936 2509 religio
959 2429 1005 2492 est
1027 2429 1100 2493 nata
1122 2447 1214 2510 quam

64 2547 93 2587 so
103 2531 283 2613 sequimur..
315 2532 351 2596 ut
379 2530 504 2595 interim
533 2531 695 2596 concedam
722 2529 754 2593 id
783 2529 862 2611 qnod
889 2529 976 2594 nobis
1005 2529 1138 2596 obicitur
1164 2532 1212 2595 in·

102 2633 249 2700 tentionis
286 2651 357 2702 esse¹
386 2651 446 2698 non
476 2633 585 2712 falsae,
621 2633 694 2714 quid
729 2635 775 2696 est
811 2633 843 2696 in
879 2634 1010 2716 negotiis
1044 2634 1211 2711 bominum,

103 2735 183 2818 quod
205 2736 257 2801 uel
279 2753 368 2818 opere
396 2735 528 2820 corporis
550 2737 581 2800 et
602 2735 744 2801 manibus
766 2734 821 2800 fiat
843 2735 894 2820 uel
915 2736 1010 2804 solius
1032 2737 1127 2802 animi
1149 2738 1213 2802 dis-

103 2839 217 2920 oiplina
245 2840 277 2904 et
302 2838 474 2924 cognitione
507 2838 663 2915 teneatur,
696 2839 777 2920 quod
802 2856 863 2904 non
890 2858 925 2904 ex
947 2840 1049 2921 aliquo
1082 2839 1215 2923 coeperit

102 2942 239 3023 tempore
261 2943 293 3006 et
313 2942 347 3005 in
368 2959 458 3030 usum
480 2942 587 3006 exierit
601 2941 877 3026 experientiamque
892 2943 1091 3008 mortalium?
1116 2945 1214 3008 medi-

64 3043 172 3108 arcina
198 3042 390 3126 philosophia
422 3044 539 3108 musica
567 3046 744 3126 ceteraeque
777 3063 880 3113 omnes
908 3045 988 3110 artes
1016 3046 1126 3128 quibus
1148 3047 1214 3113 uita

103 3147 151 3210 est
171 3147 326 3212 exstructa
348 3147 379 3212 ot
400 3146 531 3228 expolita
551 3147 721 3210 communis
743 3165 814 3212 oum
834 3147 1007 3213 bominibus
1027 3151 1116 3214 natae
1131 3152 1213 3228 sunt,
1315 3165 1317 3172 ’

103 3250 134 3314 et
155 3267 214 3314 non
235 3249 336 3331 potius
358 3267 468 3332 nuper,
492 3249 662 3330 quinimmo
683 3267 779 3331 paene
807 3249 897 3331 parnlo
920 3253 991 3315 ante
1013 3252 1140 3335 agitari,
1163 3252 1213 3316 in·

64 3433 67 3442 ¹
101 3351 210 3435 tellegi
238 3351 442 3432 celebrarique
470 3353 653 3433 coeperunt?
689 3353 853 3434 antequam
881 3351 979 3437 Tages
1001 3354 1118 3419 Tuscus
1144 3373 1212 3420 oras

102 3453 292 3536 contingeret
312 3453 449 3533 luminis,
472 3453 634 3536 quisquam
656 3455 813 3518 bominum
841 3454 958 3520 sciebat
980 3460 1034 3521 aut
1056 3477 1120 3522 esse
1142 3476 1211 3522 nos-

114 3725 153 3778 ·3
171 3741 197 3777 se
214 3725 258 3778 dcl
276 3723 440 3778 Steroccba'os
548 3725 654 3778 4niuei
673 3725 743 3782 Sub.-
761 3727 846 3780 niueis
863 3729 891 3782 P
997 3729 1071 3782 'lest
1087 3728 1143 3782 odd
1160 3729 1211 3784 Li·

100 3811 211 3864 aa'aec'os
311 3809 503 3878 pompilioquae
520 3809 546 3864 P
563 3827 624 3866 corr
725 3811 836 3865 9Tullo
849 3813 917 3866 Sub:
935 3813 1053 3868 tullioP
1152 3830 1212 3883 por·

100 3895 183 3949 ricere
202 3896 270 3949 Sub:
288 3894 420 3964 porrigere
433 3895 461 3949 P
571 3896 604 3950 10
620 3897 727 3950 ltaliam
744 3896 799 3961 seo,
812 3914 840 3951 r:
858 3899 974 3954 itah'aP
1077 3900 1110 3955 13
1127 3899 1212 3954 ambi-

101 3981 206 4049 gnitate
219 3967 517 4049 summonuistis
601 3981 634 4034 14
645 3982 721 4051 aras]
734 3982 797 4036 siras
814 3984 864 4037 ors
953 3985 1144 4053 mutamur>

100 4065 135 4118 16
153 4066 285 4119 contemta
304 4065 392 4120 Sulca:
416 4068 536 4120 contenta
553 4066 581 4119 P
595 4068 731 4136 expunxit
749 4074 779 4132 θ’,
801 4085 843 4122 om
861 4069 914 4124 Sub
934 4077 939 4089 ·
1033 4072 1066 4126 21
1084 4075 1125 4125 est
1146 4071 1212 4127 Ure:

100 4169 142 4222 cat
159 4167 228 4221 eninr
246 4167 274 4221 P
373 4167 410 4224 24
426 4167 558 4236 meboina
575 4167 729 4238 Ripalto'us:
746 4165 824 4224 «sedi.
843 4173 871 4225 in
889 4173 917 4226 P
937 4174 969 4227 ia
985 4189 1029 4243 mq
1053 4185 1071 4231 ·:
1097 4190 1139 4229 om
1157 4177 1211 4231 Sub

87 4253 199 4306 etenim
211 4253 429 4308 Etmcoborstias
445 4253 492 4308 eus
503 4270 537 4308 an
549 4255 626 4310 Salm
722 4257 761 4308 95
778 4257 889 4310 filosofia
901 4258 928 4310 P
1028 4259 1062 4312 26
1078 4253 1212 4314 er'strncto

99 4339 202 4392 Poorr
219 4322 250 4392 ot¹
263 4338 336 4392 culta
353 4339 407 4393 Sub
424 4339 528 4393 exculto
550 4339 600 4394 Ura
655 4401 660 4411 ,
697 4342 827 4410 expoliata
840 4344 971 4398 Pcorrc⁴
1062 4345 1095 4399 27
1107 4347 1212 4414 poneP

99 4439 211 4479 corrr·
297 4424 404 4478 saeros
422 4425 489 4478 Sub:
507 4425 595 4479 oreP
