2916 5010
132 509 134 520 ¹
240 519 301 583 112
540 518 681 574 Arnobii
702 519 859 573 aduersus
881 518 1037 572 nationes

481 1405 726 1516 LIBER
768 1405 1080 1518 TERTIVS

215 1649 228 1708 1
283 1620 470 1714 Iamdudum
492 1647 616 1729 quidem
638 1648 816 1712 criminibus
837 1649 886 1712 his
906 1645 1059 1724 omnibus,
1083 1644 1359 1710 maledictionibus

240 1750 341 1831 potius
376 1750 411 1814 ut
437 1768 508 1814 uera
536 1750 687 1829 dicamus,
717 1751 754 1814 ab
782 1750 998 1815 excellentibus
1025 1751 1112 1832 parte
1141 1750 1174 1813 in
1197 1749 1254 1813 hac
1276 1748 1358 1812 uiris

206 1907 208 1911 .
242 1855 273 1918 et
299 1854 459 1916 ueritatem
487 1853 580 1918 istam
608 1854 794 1917 commeritis
821 1871 908 1917 nosse
935 1852 1010 1916 satis
1038 1852 1125 1932 plene
1151 1845 1357 1932 accurateque

241 1973 417 2039 responsum
438 1956 484 2020 est
505 1974 600 2037 neque
622 1957 705 2038 aper*
716 1955 799 2020 ullus
819 1955 914 2020 ullius
928 1955 1158 2037 praetermissus
1181 1956 1228 2019 est
1242 1972 1357 2036 quaes·
1379 1972 1390 2009 ε

241 2059 333 2124 tionis
369 2059 421 2140 qui
457 2076 517 2122 non
553 2059 594 2122 sit
626 2059 724 2124 modis
756 2057 842 2122 mille
875 2059 907 2122 ot
939 2057 1109 2122 rationibus
1147 2056 1358 2122 ualidissimis

242 2162 403 2227 refutatus.
439 2179 499 2225 non
530 2163 577 2225 est
609 2161 706 2244 igitur
739 2160 943 2225 necessarium
976 2161 1062 2242 parte
1092 2160 1125 2224 in
1153 2160 1211 2225 hac
1243 2143 1357 2224 causae

157 2265 358 2329 tt4ldiutius
384 2263 388 2350 Ι
414 2265 570 2329 inmorari.
604 2283 701 2344 neque
724 2263 806 2328 enim
828 2282 876 2327 ros
892 2264 972 2327 stare
988 2263 1053 2327 sine
1068 2262 1275 2326 adsertoribus
1292 2279 1356 2326 non

241 2370 356 2449 potest,
388 2367 496 2451 religio
519 2365 691 2431 Christiana
719 2368 773 2431 aut
794 2383 828 2430 eo
850 2385 915 2430 esse
942 2366 1188 2447 comprobabitur
1209 2384 1297 2443 uera,
1330 2365 1358 2428 si

229 2470 475 2552 adstipulatores
490 2467 638 2558 *habuerit
659 2469 808 2550 plurimos
830 2471 862 2534 et
885 2470 1100 2534 auctoritatem
1122 2468 1161 2533 ab
1176 2468 1394 2532 hominibuero

244 2573 416 2656 sumpserit.
451 2573 514 2637 suis
540 2573 597 2637 illa
624 2573 766 2638 contenta
788 2573 834 2636 est
856 2573 974 2636 uiribus
998 2574 1029 2636 et
1050 2572 1192 2636 ueritatis
1214 2570 1359 2655 propriae

243 2676 472 2742 fundaminibus
494 2676 604 2739 nititur
626 2695 681 2740 nee
705 2675 854 2758 spoliatur
876 2676 908 2739 ui
931 2695 995 2753 sua,
1019 2675 1141 2740 etiamsi
1154 2675 1275 2740 nullum
1300 2674 1359 2738 ha-

244 2779 498 2856 beatuindicem
520 2780 616 2844 immo
638 2779 665 2842 si
680 2778 802 2863 linguae
818 2797 922 2844 omnes
943 2779 1175 2844 contrafaciant
1190 2780 1360 2860 contraque

245 2882 384 2946 nitantur
416 2882 447 2946 et
476 2881 515 2945 ad
545 2881 637 2946 fidem
670 2882 756 2946 illius
786 2883 991 2965 abrogandam
1021 2881 1223 2946 consensionis
1251 2881 1360 2946 unitae

217 2984 440 3049 zanimositate
471 2985 652 3066 conspirent.
695 3004 775 3049 nuno
798 2985 836 3050 ad
866 2985 1002 3049 ordinem
1030 2985 1219 3048 reuertamur
1250 3002 1269 3048 a
1297 3001 1394 3065 quon

248 3106 354 3151 sumus
380 3087 547 3152 necessario
573 3087 664 3168 paulo
693 3088 764 3152 ante
794 3087 940 3170 digressi,
974 3105 1011 3152 ne
1039 3087 1156 3151 diutius
1184 3087 1360 3168 interrupta

246 3190 379 3255 defensio
400 3191 535 3271 palmam
558 3189 695 3254 criminis
723 3189 911 3271 comprobati
939 3189 1212 3255 calumniatoribus
1235 3205 1359 3253 conoes-

246 3293 321 3359 sisse
348 3292 476 3357 dicatur.
510 3292 665 3357 subiciunt
692 3292 773 3356 euim
798 3292 886 3357 haec:
917 3292 944 3356 si
966 3291 1054 3356 uobis
1076 3292 1182 3357 diuina
1202 3310 1251 3355 res
1274 3291 1360 3355 cordi

247 3396 301 3473 ost,
325 3414 378 3458 cur
399 3396 474 3460 alios
496 3396 653 3464 nobiscum
676 3413 773 3476 neque
795 3394 865 3459 deos
887 3395 990 3459 colitis
1017 3414 1114 3476 neque
1143 3395 1276 3458 adoratis
1303 3413 1360 3459 nec

247 3517 316 3562 cum
343 3498 454 3562 uestris
481 3499 623 3580 gentibus
651 3497 824 3562 eommunia
855 3517 938 3562 sacra
960 3497 1098 3562 miscetis
1120 3498 1151 3562 ot
1172 3497 1395 3580 religionumee

211 3588 216 3609 '
246 3600 431 3685 coniungitis
452 3601 552 3664 ritus?
573 3619 735 3682 possumus
758 3600 882 3665 interim
905 3600 1019 3665 dicere:
1042 3602 1080 3665 ad
1103 3601 1220 3666 uultum
1242 3599 1359 3664 diuini-

247 3705 322 3770 tatis
354 3703 525 3768 obeundum
557 3704 632 3770 satis
655 3704 702 3770 est
723 3704 809 3770 nobis
832 3704 905 3768 deus
931 3704 1064 3786 primus,
1098 3703 1185 3784 deus,
1219 3704 1358 3785 inquam,

246 3809 379 3891 primus,
409 3808 496 3888 pater
528 3827 631 3872 rerum
660 3825 694 3872 ac
727 3807 884 3884 dominus,
913 3807 1098 3871 constitutor
1126 3807 1361 3888 moderatorque

281 4010 298 4064 8
310 4013 378 4063 'tare
390 4009 418 4062 P
517 4025 558 4062 res
576 4008 654 4077 stare]
668 4009 739 4061 stare
751 4006 805 4061 Sub
823 4011 921 4061 restare
938 4007 1078 4063 Mercrius
1094 4015 1233 4077 tamquam
1244 4025 1258 4062 e
1270 4009 1361 4063 codice

247 4112 293 4165 per
310 4111 337 4148 se
355 4097 425 4148 stare
442 4094 646 4149 Ktuesmaaaas
781 4095 797 4146 9
815 4095 842 4146 et
859 4094 952 4162 religio
971 4093 1047 4148 Solae
1177 4095 1317 4148 christiani
1336 4096 1363 4149 P

248 4197 308 4236 corr
320 4185 342 4235 c‘
425 4181 519 4249 religio
532 4179 684 4234 Christiana
695 4177 804 4232 seclusit
816 4179 931 4234 mattas
1015 4180 1049 4234 10
1060 4180 1181 4235 omnibus
1193 4181 1221 4234 P
1231 4196 1293 4234 corr
1311 4167 1314 4176 ¹

249 4267 282 4321 14
293 4266 370 4324 fidem
383 4267 451 4322 Sub:
462 4267 541 4320 finem
553 4266 582 4318 P
669 4262 848 4332 abrogandam
861 4264 930 4319 Sat:
943 4265 1121 4333 adrogandam
1133 4267 1161 4320 P
1257 4267 1290 4320 17
1302 4283 1360 4320 con-

248 4353 343 4407 cessise
359 4353 387 4406 P
490 4353 523 4406 18
540 4349 633 4404 diuino
650 4350 678 4404 P
783 4349 817 4402 20
834 4350 979 4418 gentilibus
996 4350 1111 4406 Ziatiae
1210 4353 1362 4406 communia

249 4441 277 4494 P
293 4455 353 4495 corr
