2888 5008
255 456 319 524 230
554 450 695 506 Arnobii
722 451 880 507 aduersus
906 449 1060 504 ustiones

255 626 288 694 iu
309 625 432 694 tatius
460 625 504 692 dii
533 644 571 709 pe
629 626 658 704 1,
691 625 727 690 11
757 641 807 690 ors
840 624 961 690 sedibus
993 622 1122 689 sidereis
1154 621 1366 704 unbeponauti

256 729 423 815 [uinetione
451 729 478 794 si
506 727 723 811 propemodum
753 727 892 812 colligati
913 725 1140 793 immobilitatis
1174 724 1306 790 testulas
1337 725 1366 790 et

206 834 355 900 lieetere
383 831 494 916 quibus
519 831 608 914 signu
629 829 774 914 confiunt]
808 829 884 912 quid
912 832 1006 914 ergo?
1033 829 1066 894 iu
1088 827 1226 894 materiis
1249 827 1366 892 talibus

254 952 409 1018 semperne
437 934 480 1000 dii
512 933 684 1000 mansitant
712 951 809 1016 usque
835 933 950 998 abeunt
978 932 1114 1013 uspiam,
1149 931 1245 996 etiam
1268 930 1296 994 si
1319 948 1367 995 res

252 1036 458 1123 postulausrit
478 1037 627 1116 maxims,
651 1053 689 1102 au
709 1035 823 1100 hebent
837 1035 900 1101 itus
914 1035 1037 1113 liberos,
1053 1053 1123 1100 uum
1136 1033 1266 1099 libuerit
1281 1033 1367 1098 abire
1385 1056 1395 1094 s

252 1157 442 1223 quorumque
463 1139 495 1203 et
516 1139 553 1204 ab
576 1139 638 1204 suis
661 1138 784 1204 sedibus
807 1137 1039 1220 simulacrisque
1053 1137 1230 1202 incedere?
1253 1136 1368 1217 siper·

252 1242 395 1310 maneudi
423 1242 639 1308 nenessitatem
667 1240 843 1324 patiuntur,
878 1240 952 1323 quid
978 1241 1121 1306 miserius
1149 1240 1198 1304 bis
1220 1257 1291 1305 esse
1313 1241 1367 1304 aul

252 1345 327 1430 qnid
341 1343 493 1412 infelicius
507 1345 628 1426 poterit,
654 1343 772 1428 [quam]
788 1345 815 1408 si
829 1360 879 1408 eos
894 1343 927 1408 in
942 1343 1066 1410 basibus
1080 1343 1127 1408 ita
1141 1343 1214 1408 unoi
1228 1342 1368 1408 retinent

252 1448 284 1516 et
304 1447 464 1530 plumbeae
491 1448 683 1512 uiuotioues?
715 1447 768 1514 sed
795 1447 1004 1526 ooueedemus‚
1027 1447 1072 1526 ut,
1095 1483 1140 1516 *a
1160 1446 1243 1512 eaelo
1268 1446 1302 1510 et
1325 1446 1366 1510 si-

251 1550 349 1616 dereis
370 1550 492 1616 sedibus
521 1551 723 1636 anteponant,
753 1549 935 1616 diuinitatis
956 1567 1028 1616 suae
1049 1549 1239 1632 perdiderint
1261 1550 1394 1632 potes-o

252 1654 364 1720 tatem:
398 1653 446 1719 sin
477 1654 581 1720 autem
613 1673 684 1718 oum
715 1652 869 1718 noluerint
898 1654 1023 1718 auolant
1051 1653 1083 1717 et
1114 1651 1294 1718 absolutum
1317 1652 1365 1716 ius

250 1756 363 1822 habeut
376 1755 481 1820 inania
492 1756 663 1837 relinquere
677 1755 849 1834 simulacra,
864 1773 935 1839 ergo
950 1754 1053 1838 aliquo
1069 1756 1205 1836 tempore
1221 1753 1366 1828 desinent

250 1877 315 1924 esse
337 1858 381 1922 dii
402 1857 490 1942 signe
511 1861 541 1924 et
562 1861 594 1922 11
617 1858 709 1923 dubio
730 1859 840 1938 stebit,
863 1860 981 1940 quando
1003 1875 1089 1924 suere
1113 1858 1243 1923 debeant
1264 1857 1363 1934 reddi.

251 1961 371 2044 quando
400 1960 448 2026 his
479 1961 638 2028 oouueuiat
666 1963 757 2042 atque
787 1961 923 2041 oporteat
945 1961 1104 2026 abstinere.
1143 1977 1364 2041 saepenumero

251 2063 391 2130 uidemus
413 2062 450 2128 ab
474 2062 643 2128 artificibus
672 2062 747 2127 haee
777 2063 864 2146 signa
888 2063 978 2127 modo
1000 2063 1130 2145 paruula
1151 2061 1217 2126 fieri
1239 2065 1272 2126 et
1294 2063 1392 2146 pal-o

149 2177 367 2233 trsdmerem
388 2165 422 2230 iu
442 2165 606 2231 minutiem
635 2165 786 2244 contrabi,
816 2164 906 2230 modo
932 2163 936 2250 Ι
960 2165 993 2231 iu
1021 2166 1207 2230 immensum
1236 2167 1309 2231 tolli
1333 2168 1364 2230 ot

250 2267 465 2334 admirabilem
486 2267 517 2332 in
541 2266 777 2349 amplitudinem
800 2267 963 2332 subleuari.
997 2268 1115 2333 ratione
1137 2268 1195 2334 hae
1217 2287 1292 2353 ergo
1313 2287 1363 2334 se·

250 2371 355 2454 quitur
376 2371 411 2436 ut
432 2370 615 2453 intellegere
633 2370 794 2435 debeamus
815 2371 848 2434 in
862 2371 1017 2453 sigilliolis
1031 2370 1169 2454 paruulis
1184 2371 1365 2438 mntrahers

249 2492 281 2540 se
303 2474 374 2540 deos
395 2474 427 2538 et
448 2472 541 2538 alieni
563 2474 601 2538 ad
629 2473 760 2554 eorporis
790 2473 1028 2562 similitudinem
1057 2473 1202 2553 marteri,
1233 2477 1269 2540 at
1291 2494 1363 2542 uero

248 2577 281 2642 in
302 2575 400 2642 uastis
421 2565 574 2659 porrigere
596 2593 627 2640 se
648 2575 771 2659 longius
793 2576 884 2657 atque
899 2575 931 2639 iu
946 2575 1169 2641 maximitatem
1184 2577 1393 2658 produeeraa

248 2697 319 2764 ergo
341 2680 369 2744 si
390 2680 446 2744 hor
467 2679 513 2745 ita
535 2680 591 2758 est,
615 2683 645 2744 et
666 2679 700 2743 iu
722 2679 898 2744 sedentibus
914 2679 1012 2762 siguis
1027 2680 1119 2746 deum
1135 2681 1240 2745 sedere
1254 2681 1362 2746 dioen-

247 2784 323 2850 dum
345 2784 391 2848 est
405 2782 437 2848 et
450 2783 483 2846 in
497 2781 650 2848 stantibus
666 2781 756 2858 staro,
779 2781 811 2845 in
831 2781 1076 2862 procurrentibus
1093 2799 1223 2861 currere,
1246 2783 1364 2850 issula

247 2887 308 2953 rior
328 2886 361 2950 in
381 2885 564 2951 iaoientibus
593 2885 670 2962 tela,
701 2885 740 2948 ed
768 2883 894 2950 illorum
923 2885 1053 2950 formare
1082 2889 1174 2968 atque
1201 2889 1309 2970 aptare
1331 2907 1362 2953 se

247 2988 354 3054 uultus
376 2988 407 3052 et
428 2988 467 3053 ad
481 2988 613 3069 reliquos
627 2986 752 3052 babitus
768 2987 894 3070 figurati
909 2989 1041 3071 eorporis
1057 2990 1106 3054 sui
1121 2989 1362 3056 similitudinem

204 3091 452 3158 lloommodare.
484 3090 517 3156 iu
545 3090 718 3155 simulastis
746 3089 790 3154 dii
812 3089 962 3156 habitant.
997 3091 1152 3176 singuline
1173 3092 1206 3158 iu
1229 3093 1391 3179 siuguliss

225 3262 231 3268 ’
280 3277 297 3330 2
315 3275 447 3331 uiuotione
465 3275 488 3330 si
499 3277 613 3344 seipsi:
631 3276 778 3332 uinetioues
798 3279 829 3332 ut
841 3277 868 3332 P
885 3277 970 3332 uiuoti
988 3292 1078 3332 omues
1095 3281 1122 3332 st
1139 3279 1195 3334 Sub
1213 3279 1360 3336 uineiiouis

247 3362 276 3420 ui
303 3361 379 3416 Solia
518 3360 717 3415 immobilitatis
743 3363 853 3432 scripsi.-
884 3361 1044 3418 mobilitatis
1070 3363 1098 3418 P
1126 3364 1279 3420 nobilitatis
1307 3366 1362 3422 Sao

246 3445 392 3502 nobilitent
414 3446 464 3502 ser
482 3446 654 3501 nobilitantes
674 3447 759 3502 Salm.
872 3449 1019 3503 ninstioues
1037 3451 1064 3503 et
1080 3451 1268 3519 propemodum
1286 3451 1361 3506 oolli-

246 3534 367 3604 getioues
384 3532 530 3588 mobilitati
547 3534 601 3598 (ael
618 3533 825 3601 mobilitatibus)
843 3533 958 3588 Zialrias
1069 3536 1086 3589 2
1103 3551 1139 3605 ep.
1158 3537 1312 3592 uiuotione.
1328 3577 1356 3592 ..

245 3621 364 3677 oonfiuut
380 3621 490 3676 oschisi:
515 3619 583 3674 iride
598 3621 676 3688 infru
789 3621 901 3690 'lquem
918 3623 1016 3677 seraa
1129 3624 1145 3678 9
1163 3624 1218 3694 sed]
1238 3626 1261 3678 si
1285 3625 1361 3680 Sutia

245 3709 269 3762 si
286 3708 314 3762 id
332 3707 447 3762 Zonaras
548 3707 628 3776 iisqq.
647 3709 730 3762 amba
747 3707 792 3762 sod
810 3708 844 3776 (si
857 3709 942 3777 Salm)
960 3709 1146 3764 oouoedsmus.
1162 3751 1167 3762 .
1184 3713 1360 3779 ,potestatem

246 3794 322 3849 Salm
346 3795 378 3849 ia
399 3794 455 3862 piae
477 3793 659 3848 antecedentis
681 3794 779 3861 eapitis
798 3795 901 3861 posuit,
923 3793 1065 3848 Mearsias
1084 3801 1147 3863 poet
1169 3797 1255 3850 aerbo
1277 3797 1360 3852 baias

244 3880 341 3949 ospitis
356 3895 384 3934 a.
403 3883 437 3932 14
460 3881 538 3947 atque
561 3881 681 3948 oporteat
705 3879 851 3932 abstinere.-
877 3879 1043 3947 insoporata
1064 3881 1145 3934 babet
1172 3881 1292 3941 Orelliue

243 3966 371 4022 11111111
397 3965 519 4035 maaet.-
543 3966 688 4034 sappletor
712 3965 804 4018 uerbis
828 3965 859 4019 ia
879 3965 935 4031 fiae
960 3966 1139 4020 antecedentis
1162 3968 1260 4035 capitis
1282 3985 1302 4022 a
1317 3983 1359 4022 rae

242 4052 353 4106 eeetmob
453 4051 538 4105 uerbo
559 4051 646 4106 caelo.
662 4089 668 4105 .
684 4052 861 4118 anteponent
884 4051 1047 4119 interpolata
1070 4052 1150 4107 babet
1172 4053 1291 4108 Ziatias

243 4135 278 4190 14
294 4135 571 4204 saepeouimnumero
584 4136 726 4190 Merasias
826 4135 1156 4203 1sfieri8abr=ser1³
1254 4137 1356 4193 16111-

242 4222 346 4276 1111111
363 4221 431 4276 aab:
448 4222 611 4277 minutitiem
630 4223 657 4276 P
757 4221 791 4274 19
808 4224 837 4276 at
853 4221 1009 4284 Meursiue:
1031 4225 1079 4277 ant
1095 4223 1122 4276 P
1221 4223 1255 4278 21)
1271 4225 1356 4278 maxi·

242 4307 365 4363 mitatem
382 4307 448 4363 Ure:
466 4308 669 4362 maximitateP
758 4306 1006 4362 221111111111111
1020 4308 1075 4364 Sub
1164 4309 1355 4372 231111111111

243 4393 298 4448 Sub
412 4394 447 4449 24
464 4395 505 4447 sui
522 4393 620 4448 addidi
732 4393 766 4448 25
783 4391 822 4446 dii
839 4392 909 4448 Sub:
933 4394 973 4448 bii
991 4395 1018 4449 P
1130 4395 1262 4464 singuline
1283 4396 1355 4450 Sub:

243 4478 390 4547 singulisne
408 4479 435 4531 P
