2916 5010
292 472 354 540 164
595 469 737 524 brnobii
759 469 920 525 aduersus
943 467 1095 523 nationes

289 661 394 710 nerem
413 642 593 710 Aeneadum
612 643 744 708 matrem
765 643 796 708 et
810 642 965 708 Romanae
989 640 1207 706 dominationis
1224 639 1411 706 auctorem?

290 765 362 813 cnm
382 746 459 813 talia
478 747 575 831 igitur
595 763 650 811 uos
671 745 782 830 probra
802 748 833 810 et
846 744 1002 828 flagitiosa
1022 744 1164 828 prodigia
1184 760 1243 808 non
1259 745 1294 810 in
1309 763 1411 808 unum

290 849 425 932 aliquem
451 848 635 915 nominatim
662 849 715 914 sed
743 849 777 914 in
797 865 919 914 omnem
939 846 1060 931 pariter
1081 865 1260 930 superorum
1283 847 1412 930 gentem

290 970 382 1035 quam
403 969 468 1018 esse
488 969 542 1016 uos
563 951 674 1016 remini
696 950 761 1016 sine
788 950 884 1016 nllim
910 950 1087 1035 exceptione
1113 949 1261 1028 iaciatie‚'
1287 950 1411 1015 audetis

289 1055 378 1121 salua
399 1053 581 1120 uerecundia
602 1053 710 1132 dicere,
733 1055 786 1119 aut
808 1071 872 1119 sese
894 1070 949 1117 nos
964 1052 1077 1136 impios
1092 1054 1148 1118 aut
1163 1069 1219 1118 nos
1234 1052 1315 1136 pios,
1339 1072 1436 1118 cums

288 1159 389 1224 multo
410 1157 541 1223 mmores
562 1155 662 1222 ferant
685 1155 806 1222 euobis
821 1155 948 1222 offensas
968 1175 1005 1222 ex
1025 1155 1167 1222 omnibns
1184 1155 1309 1238 probris
1332 1175 1412 1238 quae

287 1262 322 1326 in
342 1259 467 1326 illorum
487 1260 652 1326 maledicta
673 1259 845 1326 conducitis
866 1278 960 1342 quam
980 1258 1203 1343 amplitudines
1224 1259 1256 1324 et
1275 1258 1410 1324 honores

289 1384 325 1430 ex
346 1364 410 1428 ritu
431 1363 523 1446 atque
543 1361 644 1428 officio
664 1361 834 1428 cultionis?
863 1363 918 1428 aut
939 1363 1023 1431 enim
1037 1360 1117 1428 falsa
1131 1361 1189 1426 illa
1203 1360 1277 1426 sunt
1294 1363 1410 1426 cuncta

288 1484 365 1550 quae
394 1467 467 1531 sunt
492 1467 634 1548 prompta
663 1465 701 1530 de
729 1465 859 1550 singulis
892 1465 1152 1532 existimationem
1180 1464 1312 1530 illorum
1341 1485 1409 1530 ma

288 1569 491 1651 iestatemque
513 1567 676 1648 laedentia,
699 1570 731 1634 et
751 1587 800 1634 res
821 1569 917 1654 digna
939 1569 1064 1634 omnino
1087 1569 1143 1647 est,
1166 1569 1291 1650 proptor
1313 1587 1433 1650 quamn

77 1729 82 1744 ,
204 1667 333 1737 rendli
354 1671 493 1741 fonditm
518 1671 523 1758 Ι
547 1690 642 1755 geum
664 1691 757 1737 omne
778 1673 909 1740 debeant
929 1673 1051 1740 abolere
1074 1671 1269 1751 mortalium,
1303 1671 1406 1736 autsi
1450 1699 1451 1706 κ

289 1775 445 1858 explorata
466 1775 497 1840 et
517 1793 590 1840 uera
611 1775 685 1839 sunt
706 1775 738 1840 et
757 1775 824 1840 sine
837 1775 911 1841 ullis
925 1776 1174 1842 dubitationibus
1188 1773 1405 1856 conprehensa

225 1933 229 1940 ,
288 1879 328 1944 ad
349 1896 419 1944 eam
439 1877 618 1961 perducitur
638 1896 686 1944 res
708 1896 872 1959 summam,
895 1878 932 1944 ut
952 1879 1150 1946 inuitissimis
1164 1879 1252 1945 uobis
1266 1893 1332 1942 non
1354 1894 1405 1960 ge

239 1983 369 2048 itineris
396 1981 499 2065 superi
521 1982 574 2046 sed
594 1981 724 2047 humani
745 1998 795 2046 eos
822 1981 916 2047 fuisse
939 1981 1109 2048 credamus.
1142 1981 1196 2046 ubi
1219 1981 1307 2046 enim·
1327 1997 1405 2060 nup

287 2085 350 2151 tiae
382 2084 577 2150 matrimonia
602 2083 763 2168 puerperia
794 2084 930 2150 nutrices
962 2083 1094 2150 artificia
1127 2083 1318 2162 debilitates,
1354 2081 1429 2148 ubic

287 2187 385 2252 status
407 2186 517 2268 capitis
531 2188 571 2251 'et
593 2186 729 2252 condicio
751 2186 921 2266 seruitutis,
945 2175 1145 2268 ubimulnera
1170 2187 1277 2252 caedes
1305 2203 1404 2262 cruor,

286 2289 340 2355 ubi
362 2305 479 2354 amores
504 2289 654 2354 desideria
678 2289 864 2372 uoluptates,
887 2290 941 2355 ubi
963 2290 1063 2356 omnis
1078 2289 1252 2356 animomm
1269 2288 1404 2354 adfectio

286 2394 324 2459 ab
346 2391 492 2474 inquietis
506 2391 788 2474 perturbationibus
803 2391 938 2471 ueniens,
961 2410 1085 2459 neeesse
1101 2393 1148 2457 est
1163 2391 1309 2458 diuinum
1325 2391 1404 2455 nihil

284 2496 357 2563 istic
384 2513 464 2574 esse,
492 2515 547 2560 nec
574 2496 655 2578 quod
684 2497 841 2579 proprium
869 2496 975 2561 caduci
997 2499 1043 2562 est
1065 2496 1185 2580 generis
1208 2497 1239 2560 et
1262 2497 1405 2562 terrenae

285 2598 469 2683 fragilitatis
490 2598 704 2679 praestantiori
718 2617 806 2681 posse
821 2599 984 2665 adhaerere
999 2601 1136 2665 naturae.
1172 2599 1241 2682 quis
1257 2600 1308 2664 est
1323 2600 1430 2664 enims

286 2703 339 2785 qui
366 2701 485 2780 credat,
513 2701 540 2765 si
562 2700 651 2765 modo
679 2702 818 2785 agnoscit
839 2721 874 2768 ec
895 2702 1034 2787 percipit,
1057 2702 1106 2768 uis
1129 2701 1220 2768 istius
1244 2702 1404 2784 potentiae

286 2804 441 2887 quaesit,
470 2803 524 2868 aut
546 2803 729 2888 genitabiles
758 2804 900 2870 habuisse
929 2806 1035 2888 partes
1062 2806 1156 2872 deum
1178 2805 1210 2870 et
1231 2805 1405 2872 abscisione

285 2907 462 2972 foedissima
489 2905 647 2987 priuatum
675 2905 724 2971 his
755 2925 833 2985 esse,
865 2907 922 2998 aut
950 2927 986 2972 ex
1007 2926 1039 2972 sc
1067 2909 1205 2990 proditas
1235 2908 1403 2991 aliqnando

286 3009 482 3092 intercepisse
507 3008 607 3090 proles
629 3011 660 3074 et
682 3011 875 3075 uinculomm
902 3011 1069 3078 coercitum
1096 3012 1215 3095 poenis,
1248 3013 1307 3076 aut
1335 3029 1402 3075 cnm

285 3112 372 3195 petre
399 3111 621 3194 quodammodo
650 3113 837 3178 conseruisse
857 3113 941 3178 bella
968 3115 1074 3179 ciuilia
1095 3115 1127 3180 ct
1148 3133 1219 3179 eum
1240 3114 1310 3178 iure
1334 3117 1427 3181 abs-a
1448 3095 1449 3108 ¹

284 3214 416 3280 tinuisse
437 3215 544 3297 regali,
567 3215 621 3280 aut
643 3216 823 3281 exterritum
844 3216 972 3282 minoris
992 3220 1079 3283 metu
1100 3218 1231 3283 uertisse
1258 3235 1402 3300 exupera-

286 3317 355 3382 tum
376 3317 463 3402 terga
485 3316 517 3381 et
537 3319 696 3399 tamquam
717 3317 887 3401 fugitiuum
909 3319 940 3383 et
961 3320 1082 3385 exulem
1103 3320 1137 3384 in
1160 3319 1327 3386 summotis
1350 3319 1400 3383 dc-

285 3419 406 3485 lituisse
435 3421 582 3486 secretis?
614 3422 683 3502 quis
711 3422 773 3499 ost,
801 3421 945 3504 inquam,
974 3423 1027 3504 qui
1057 3412 1161 3504 credat
1187 3423 1399 3488 adhumanas

285 3522 467 3588 adcubuisse
482 3523 573 3588 deum
587 3543 718 3603 mensas,
733 3524 952 3605 interemptum
967 3526 1117 3591 auantiae
1131 3543 1235 3606 causa,
1251 3526 1398 3593 fefellisse
1447 3561 1448 3606 3

286 3624 436 3707 supplices
464 3625 664 3708 ambignitate
692 3627 844 3707 responsi,
871 3629 1053 3708 praecellere
1073 3629 1107 3694 in
1135 3627 1291 3694 furtorum
1314 3631 1424 3708 dcliso

317 3967 405 4021 tuos
430 3966 498 4022 Sub.-
526 3983 575 4022 uos
597 3968 625 4022 P
732 3968 750 4024 7
773 3968 962 4038 amplitudines
984 3971 1217 4026 Holdetrcadica:
1241 3973 1396 4042 amplitndi·

284 4052 368 4106 nisP
466 4054 577 4108 honores
592 4055 826 4110 Holdetrucdiao:
843 4056 949 4110 honoria
962 4057 990 4111 P
1092 4059 1126 4112 13
1142 4057 1317 4114 inuitissimis
1330 4061 1396 4116 aaa:

285 4223 319 4278 22
336 4223 465 4293 genitales
477 4226 533 4281 Sub
634 4225 858 4282 abscissioneSceb
959 4228 994 4283 24
1010 4229 1206 4299 intecepisseP
1308 4232 1345 4286 25
1361 4232 1394 4300 ot]

257 4309 399 4365 'antSub
497 4327 557 4366 eum
573 4311 636 4368 aes:
654 4313 754 4366 cumP
855 4313 889 4368 26
905 4315 1061 4384 reguliScb
1162 4316 1313 4383 30dolisr,
1332 4318 1394 4374 Urs:
1445 4373 1446 4378 ,

284 4395 355 4450 dotis
373 4397 401 4448 P
415 4397 492 4451 donis
510 4397 565 4452 Sub
