<?xml version="1.0" encoding="UTF-8"?>
<!DOCTYPE html PUBLIC "-//W3C//DTD XHTML 1.0 Transitional//EN"
    "http://www.w3.org/TR/xhtml1/DTD/xhtml1-transitional.dtd">
<html xmlns="http://www.w3.org/1999/xhtml" xml:lang="en" lang="en">
 <head>
  <title>
</title>
<meta http-equiv="Content-Type" content="text/html;charset=utf-8" />
  <meta name='ocr-system' content='tesseract 3.04.00' />
  <meta name='ocr-capabilities' content='ocr_page ocr_carea ocr_par ocr_line ocrx_word'/>
</head>
<body>
  <div class='ocr_page' id='page_1' title='image "./corpusscriptoru09wissgoog_0032.png"; bbox 0 0 2950 5006; ppageno 0'>
   <div class='ocr_carea' id='block_1_1' title="bbox 610 421 1236 490">
    <p class='ocr_par' dir='ltr' id='par_1_1' title="bbox 610 421 1236 490">
     <span class='ocr_line' id='line_1_1' title="bbox 610 421 1236 490; baseline 0.002 -15"><span class='ocrx_word' id='word_1_1' title='bbox 610 421 708 476; x_wconf 69' lang='lat' dir='ltr'><strong>usses</strong></span> <span class='ocrx_word' id='word_1_2' title='bbox 731 422 753 476; x_wconf 81' lang='lat' dir='ltr'><strong>u</strong></span> <span class='ocrx_word' id='word_1_3' title='bbox 1219 427 1236 490; x_wconf 69' lang='grc' dir='ltr'><strong>γ</strong></span> 
     </span>
    </p>
   </div>
   <div class='ocr_carea' id='block_1_2' title="bbox 6 594 1320 3464">
    <p class='ocr_par' dir='ltr' id='par_1_2' title="bbox 6 594 1320 3464">
     <span class='ocr_line' id='line_1_2' title="bbox 116 594 1268 678; baseline -0.003 -17"><span class='ocrx_word' id='word_1_4' title='bbox 116 596 175 661; x_wconf 92' lang='lat' dir='ltr'><strong>aut</strong></span> <span class='ocrx_word' id='word_1_5' title='bbox 195 595 234 660; x_wconf 91' lang='lat' dir='ltr'><strong>ab</strong></span> <span class='ocrx_word' id='word_1_6' title='bbox 255 594 433 660; x_wconf 90' lang='lat' dir='ltr'><strong>huiusmodi</strong></span> <span class='ocrx_word' id='word_1_7' title='bbox 458 594 578 662; x_wconf 80' lang='lat' dir='ltr'><strong>casibus</strong></span> <span class='ocrx_word' id='word_1_8' title='bbox 608 594 747 660; x_wconf 80' lang='lat' dir='ltr'><strong>fortunas</strong></span> <span class='ocrx_word' id='word_1_9' title='bbox 776 595 909 662; x_wconf 91' lang='lat' dir='ltr'><strong>habuere</strong></span> <span class='ocrx_word' id='word_1_10' title='bbox 938 599 1082 660; x_wconf 79' lang='lat' dir='ltr'><strong>securas?</strong></span> <span class='ocrx_word' id='word_1_11' title='bbox 1118 596 1268 678; x_wconf 79' lang='lat' dir='ltr'><strong>quandol</strong></span> 
     </span>
     <span class='ocr_line' id='line_1_3' title="bbox 115 697 1240 782; baseline -0.003 -18"><span class='ocrx_word' id='word_1_12' title='bbox 115 700 166 764; x_wconf 88' lang='lat' dir='ltr'><strong>est</strong></span> <span class='ocrx_word' id='word_1_13' title='bbox 179 700 350 765; x_wconf 90' lang='lat' dir='ltr'><strong>humanum</strong></span> <span class='ocrx_word' id='word_1_14' title='bbox 367 717 463 782; x_wconf 89' lang='lat' dir='ltr'><strong>genus</strong></span> <span class='ocrx_word' id='word_1_15' title='bbox 487 717 635 782; x_wconf 87' lang='lat' dir='ltr'><strong>aquarum</strong></span> <span class='ocrx_word' id='word_1_16' title='bbox 657 698 785 764; x_wconf 90' lang='lat' dir='ltr'><strong>diluuiis</strong></span> <span class='ocrx_word' id='word_1_17' title='bbox 807 699 1054 782; x_wconf 79' lang='lat' dir='ltr'><strong>interemptum?</strong></span> <span class='ocrx_word' id='word_1_18' title='bbox 1084 715 1145 762; x_wconf 92' lang='lat' dir='ltr'><strong>non</strong></span> <span class='ocrx_word' id='word_1_19' title='bbox 1168 697 1240 762; x_wconf 84' lang='lat' dir='ltr'><strong>ante</strong></span> 
     </span>
     <span class='ocr_line' id='line_1_4' title="bbox 115 801 1240 886; baseline -0.004 -16"><span class='ocrx_word' id='word_1_20' title='bbox 115 807 195 872; x_wconf 80' lang='lat' dir='ltr'><strong>nos?</strong></span> <span class='ocrx_word' id='word_1_21' title='bbox 225 802 346 886; x_wconf 89' lang='lat' dir='ltr'><strong>quando</strong></span> <span class='ocrx_word' id='word_1_22' title='bbox 368 803 502 868; x_wconf 86' lang='lat' dir='ltr'><strong>mundus</strong></span> <span class='ocrx_word' id='word_1_23' title='bbox 524 801 666 868; x_wconf 89' lang='lat' dir='ltr'><strong>incensus</strong></span> <span class='ocrx_word' id='word_1_24' title='bbox 688 803 721 868; x_wconf 91' lang='lat' dir='ltr'><strong>in</strong></span> <span class='ocrx_word' id='word_1_25' title='bbox 735 802 861 868; x_wconf 87' lang='lat' dir='ltr'><strong>fauillas</strong></span> <span class='ocrx_word' id='word_1_26' title='bbox 884 805 915 867; x_wconf 89' lang='lat' dir='ltr'><strong>et</strong></span> <span class='ocrx_word' id='word_1_27' title='bbox 936 803 1049 868; x_wconf 87' lang='lat' dir='ltr'><strong>cineres</strong></span> <span class='ocrx_word' id='word_1_28' title='bbox 1072 801 1240 868; x_wconf 86' lang='lat' dir='ltr'><strong>dissolutus</strong></span> 
     </span>
     <span class='ocr_line' id='line_1_5' title="bbox 117 905 1239 990; baseline -0.004 -17"><span class='ocrx_word' id='word_1_29' title='bbox 117 909 186 973; x_wconf 79' lang='lat' dir='ltr'><strong>essa</strong></span> <span class='ocrx_word' id='word_1_30' title='bbox 213 927 271 971; x_wconf 91' lang='lat' dir='ltr'><strong>non</strong></span> <span class='ocrx_word' id='word_1_31' title='bbox 293 907 365 972; x_wconf 90' lang='lat' dir='ltr'><strong>ante</strong></span> <span class='ocrx_word' id='word_1_32' title='bbox 386 909 463 970; x_wconf 79' lang='lat' dir='ltr'><strong>nos?</strong></span> <span class='ocrx_word' id='word_1_33' title='bbox 485 906 604 988; x_wconf 90' lang='lat' dir='ltr'><strong>quando</strong></span> <span class='ocrx_word' id='word_1_34' title='bbox 626 907 716 972; x_wconf 91' lang='lat' dir='ltr'><strong>urbes</strong></span> <span class='ocrx_word' id='word_1_35' title='bbox 737 907 945 990; x_wconf 87' lang='lat' dir='ltr'><strong>amplissimae</strong></span> <span class='ocrx_word' id='word_1_36' title='bbox 967 905 1095 970; x_wconf 89' lang='lat' dir='ltr'><strong>marinis</strong></span> <span class='ocrx_word' id='word_1_37' title='bbox 1117 923 1239 987; x_wconf 89' lang='lat' dir='ltr'><strong>oooper-</strong></span> 
     </span>
     <span class='ocr_line' id='line_1_6' title="bbox 90 1008 1240 1092; baseline -0.002 -18"><span class='ocrx_word' id='word_1_38' title='bbox 90 1010 167 1074; x_wconf 72' lang='lat' dir='ltr'><strong>atae</strong></span> <span class='ocrx_word' id='word_1_39' title='bbox 188 1010 260 1074; x_wconf 91' lang='lat' dir='ltr'><strong>sunt</strong></span> <span class='ocrx_word' id='word_1_40' title='bbox 281 1008 450 1074; x_wconf 78' lang='lat' dir='ltr'><strong>fluctibus?</strong></span> <span class='ocrx_word' id='word_1_41' title='bbox 486 1027 548 1074; x_wconf 92' lang='lat' dir='ltr'><strong>non</strong></span> <span class='ocrx_word' id='word_1_42' title='bbox 570 1011 642 1074; x_wconf 86' lang='lat' dir='ltr'><strong>ante</strong></span> <span class='ocrx_word' id='word_1_43' title='bbox 663 1013 740 1074; x_wconf 79' lang='lat' dir='ltr'><strong>nos?</strong></span> <span class='ocrx_word' id='word_1_44' title='bbox 777 1010 898 1092; x_wconf 91' lang='lat' dir='ltr'><strong>quando</strong></span> <span class='ocrx_word' id='word_1_45' title='bbox 921 1029 991 1074; x_wconf 85' lang='lat' dir='ltr'><strong>cum</strong></span> <span class='ocrx_word' id='word_1_46' title='bbox 1013 1009 1087 1074; x_wconf 87' lang='lat' dir='ltr'><strong>feris</strong></span> <span class='ocrx_word' id='word_1_47' title='bbox 1105 1008 1187 1074; x_wconf 87' lang='lat' dir='ltr'><strong>bella</strong></span> <span class='ocrx_word' id='word_1_48' title='bbox 1209 1009 1240 1072; x_wconf 88' lang='lat' dir='ltr'><strong>et</strong></span> 
     </span>
     <span class='ocr_line' id='line_1_7' title="bbox 115 1105 1239 1196; baseline -0.001 -21"><span class='ocrx_word' id='word_1_49' title='bbox 115 1112 233 1194; x_wconf 88' lang='lat' dir='ltr'><strong>proelia</strong></span> <span class='ocrx_word' id='word_1_50' title='bbox 269 1130 339 1178; x_wconf 92' lang='lat' dir='ltr'><strong>oum</strong></span> <span class='ocrx_word' id='word_1_51' title='bbox 373 1113 514 1184; x_wconf 89' lang='lat' dir='ltr'><strong>leonibus</strong></span> <span class='ocrx_word' id='word_1_52' title='bbox 550 1113 638 1196; x_wconf 87' lang='lat' dir='ltr'><strong>gesta</strong></span> <span class='ocrx_word' id='word_1_53' title='bbox 674 1115 783 1178; x_wconf 81' lang='lat' dir='ltr'><strong>sunt?¹</strong></span> <span class='ocrx_word' id='word_1_54' title='bbox 804 1132 866 1178; x_wconf 91' lang='lat' dir='ltr'><strong>non</strong></span> <span class='ocrx_word' id='word_1_55' title='bbox 898 1114 970 1176; x_wconf 87' lang='lat' dir='ltr'><strong>ants</strong></span> <span class='ocrx_word' id='word_1_56' title='bbox 1005 1105 1081 1176; x_wconf 79' lang='lat' dir='ltr'><strong>nos?</strong></span> <span class='ocrx_word' id='word_1_57' title='bbox 1118 1110 1239 1194; x_wconf 91' lang='lat' dir='ltr'><strong>quando</strong></span> 
     </span>
     <span class='ocr_line' id='line_1_8' title="bbox 115 1209 1240 1299; baseline -0.002 -19"><span class='ocrx_word' id='word_1_58' title='bbox 115 1215 265 1298; x_wconf 79' lang='lat' dir='ltr'><strong>pernicies</strong></span> <span class='ocrx_word' id='word_1_59' title='bbox 295 1215 417 1298; x_wconf 90' lang='lat' dir='ltr'><strong>populis</strong></span> <span class='ocrx_word' id='word_1_60' title='bbox 447 1216 606 1281; x_wconf 87' lang='lat' dir='ltr'><strong>uenenatis</strong></span> <span class='ocrx_word' id='word_1_61' title='bbox 628 1216 666 1280; x_wconf 91' lang='lat' dir='ltr'><strong>ab</strong></span> <span class='ocrx_word' id='word_1_62' title='bbox 696 1217 847 1299; x_wconf 84' lang='lat' dir='ltr'><strong>anguibus</strong></span> <span class='ocrx_word' id='word_1_63' title='bbox 878 1216 951 1280; x_wconf 86' lang='lat' dir='ltr'><strong>data</strong></span> <span class='ocrx_word' id='word_1_64' title='bbox 973 1216 1040 1279; x_wconf 78' lang='lat' dir='ltr'><strong>cst?</strong></span> <span class='ocrx_word' id='word_1_65' title='bbox 1077 1209 1240 1278; x_wconf 84' lang='lat' dir='ltr'><strong>non-&#39;ante</strong></span> 
     </span>
     <span class='ocr_line' id='line_1_9' title="bbox 115 1317 1239 1400; baseline -0.002 -17"><span class='ocrx_word' id='word_1_66' title='bbox 115 1321 193 1383; x_wconf 80' lang='lat' dir='ltr'><strong>nos?</strong></span> <span class='ocrx_word' id='word_1_67' title='bbox 215 1337 288 1384; x_wconf 91' lang='lat' dir='ltr'><strong>nam</strong></span> <span class='ocrx_word' id='word_1_68' title='bbox 298 1349 300 1352; x_wconf 95' lang='lat'>·</span> <span class='ocrx_word' id='word_1_69' title='bbox 310 1317 391 1400; x_wconf 87' lang='lat' dir='ltr'><strong>quod</strong></span> <span class='ocrx_word' id='word_1_70' title='bbox 410 1319 500 1388; x_wconf 91' lang='lat' dir='ltr'><strong>nobis</strong></span> <span class='ocrx_word' id='word_1_71' title='bbox 515 1319 667 1384; x_wconf 88' lang='lat' dir='ltr'><strong>obiectare</strong></span> <span class='ocrx_word' id='word_1_72' title='bbox 682 1321 851 1384; x_wconf 75' lang='lat' dir='ltr'><strong>consuestis</strong></span> <span class='ocrx_word' id='word_1_73' title='bbox 867 1319 1017 1384; x_wconf 89' lang='lat' dir='ltr'><strong>bellorum</strong></span> <span class='ocrx_word' id='word_1_74' title='bbox 1033 1318 1239 1400; x_wconf 86' lang='lat' dir='ltr'><strong>frequentium</strong></span> 
     </span>
     <span class='ocr_line' id='line_1_10' title="bbox 116 1421 1240 1505; baseline -0.003 -18"><span class='ocrx_word' id='word_1_75' title='bbox 116 1439 232 1501; x_wconf 80' lang='lat' dir='ltr'><strong>causas,</strong></span> <span class='ocrx_word' id='word_1_76' title='bbox 257 1421 446 1486; x_wconf 88' lang='lat' dir='ltr'><strong>uastationes</strong></span> <span class='ocrx_word' id='word_1_77' title='bbox 468 1421 600 1499; x_wconf 89' lang='lat' dir='ltr'><strong>urbium,</strong></span> <span class='ocrx_word' id='word_1_78' title='bbox 630 1423 851 1492; x_wconf 76' lang='lat' dir='ltr'><strong>Germanorum</strong></span> <span class='ocrx_word' id='word_1_79' title='bbox 874 1423 905 1486; x_wconf 89' lang='lat' dir='ltr'><strong>et</strong></span> <span class='ocrx_word' id='word_1_80' title='bbox 927 1421 1083 1505; x_wconf 84' lang='lat' dir='ltr'><strong>Scythicas</strong></span> <span class='ocrx_word' id='word_1_81' title='bbox 1105 1421 1240 1504; x_wconf 89' lang='lat' dir='ltr'><strong>inrupti-</strong></span> 
     </span>
     <span class='ocr_line' id='line_1_11' title="bbox 74 1522 1239 1605; baseline 0.003 -21"><span class='ocrx_word' id='word_1_82' title='bbox 74 1541 203 1602; x_wconf 75' lang='lat' dir='ltr'><strong>roones,</strong></span> <span class='ocrx_word' id='word_1_83' title='bbox 233 1541 398 1604; x_wconf 87' lang='lat' dir='ltr'><strong>cumpace</strong></span> <span class='ocrx_word' id='word_1_84' title='bbox 420 1523 477 1588; x_wconf 92' lang='lat' dir='ltr'><strong>hoo</strong></span> <span class='ocrx_word' id='word_1_85' title='bbox 498 1525 602 1590; x_wconf 88' lang='lat' dir='ltr'><strong>uestra</strong></span> <span class='ocrx_word' id='word_1_86' title='bbox 624 1527 656 1590; x_wconf 89' lang='lat' dir='ltr'><strong>et</strong></span> <span class='ocrx_word' id='word_1_87' title='bbox 677 1543 748 1590; x_wconf 88' lang='lat' dir='ltr'><strong>eum</strong></span> <span class='ocrx_word' id='word_1_88' title='bbox 767 1525 848 1590; x_wconf 87' lang='lat' dir='ltr'><strong>bona</strong></span> <span class='ocrx_word' id='word_1_89' title='bbox 872 1525 963 1592; x_wconf 90' lang='lat' dir='ltr'><strong>uenia</strong></span> <span class='ocrx_word' id='word_1_90' title='bbox 988 1525 1126 1602; x_wconf 84' lang='lat' dir='ltr'><strong>dixerim,</strong></span> <span class='ocrx_word' id='word_1_91' title='bbox 1151 1522 1239 1605; x_wconf 90' lang='lat' dir='ltr'><strong>quale</strong></span> 
     </span>
     <span class='ocr_line' id='line_1_12' title="bbox 115 1627 1266 1709; baseline 0.003 -18"><span class='ocrx_word' id='word_1_92' title='bbox 115 1627 159 1692; x_wconf 90' lang='lat' dir='ltr'><strong>sit</strong></span> <span class='ocrx_word' id='word_1_93' title='bbox 191 1627 276 1692; x_wconf 88' lang='lat' dir='ltr'><strong>istud</strong></span> <span class='ocrx_word' id='word_1_94' title='bbox 309 1628 388 1709; x_wconf 92' lang='lat' dir='ltr'><strong>quod</strong></span> <span class='ocrx_word' id='word_1_95' title='bbox 420 1627 533 1692; x_wconf 88' lang='lat' dir='ltr'><strong>dicitur</strong></span> <span class='ocrx_word' id='word_1_96' title='bbox 559 1627 784 1709; x_wconf 87' lang='lat' dir='ltr'><strong>calumniarum</strong></span> <span class='ocrx_word' id='word_1_97' title='bbox 810 1628 939 1694; x_wconf 87' lang='lat' dir='ltr'><strong>libidine</strong></span> <span class='ocrx_word' id='word_1_98' title='bbox 960 1645 1021 1692; x_wconf 92' lang='lat' dir='ltr'><strong>non</strong></span> <span class='ocrx_word' id='word_1_99' title='bbox 1042 1627 1167 1692; x_wconf 89' lang='lat' dir='ltr'><strong>uidetis.</strong></span> <span class='ocrx_word' id='word_1_100' title='bbox 1202 1629 1266 1694; x_wconf 68' lang='lat' dir='ltr'><strong>uid</strong></span> 
     </span>
     <span class='ocr_line' id='line_1_13' title="bbox 115 1728 1293 1814; baseline -0.005 -16"><span class='ocrx_word' id='word_1_101' title='bbox 115 1732 188 1798; x_wconf 87' lang='lat' dir='ltr'><strong>ante</strong></span> <span class='ocrx_word' id='word_1_102' title='bbox 219 1729 308 1795; x_wconf 92' lang='lat' dir='ltr'><strong>milia</strong></span> <span class='ocrx_word' id='word_1_103' title='bbox 341 1749 489 1796; x_wconf 89' lang='lat' dir='ltr'><strong>annorum</strong></span> <span class='ocrx_word' id='word_1_104' title='bbox 522 1730 626 1795; x_wconf 82' lang='lat' dir='ltr'><strong>decom</strong></span> <span class='ocrx_word' id='word_1_105' title='bbox 658 1731 696 1795; x_wconf 91' lang='lat' dir='ltr'><strong>ab</strong></span> <span class='ocrx_word' id='word_1_106' title='bbox 730 1731 831 1798; x_wconf 92' lang='lat' dir='ltr'><strong>insula</strong></span> <span class='ocrx_word' id='word_1_107' title='bbox 864 1750 940 1814; x_wconf 89' lang='lat' dir='ltr'><strong>quas</strong></span> <span class='ocrx_word' id='word_1_108' title='bbox 972 1729 1149 1813; x_wconf 75' lang='lat' dir='ltr'><strong>perhibetur</strong></span> <span class='ocrx_word' id='word_1_109' title='bbox 1177 1728 1238 1792; x_wconf 85' lang='lat' dir='ltr'><strong>At·</strong></span> <span class='ocrx_word' id='word_1_110' title='bbox 1291 1763 1293 1770; x_wconf 59' lang='lat'>&gt;</span> 
     </span>
     <span class='ocr_line' id='line_1_14' title="bbox 114 1831 1238 1918; baseline -0.003 -20"><span class='ocrx_word' id='word_1_111' title='bbox 114 1833 231 1898; x_wconf 80' lang='lat' dir='ltr'><strong>leubice</strong></span> <span class='ocrx_word' id='word_1_112' title='bbox 251 1831 399 1916; x_wconf 76' lang='lat' dir='ltr'><strong>Neptuni,</strong></span> <span class='ocrx_word' id='word_1_113' title='bbox 420 1831 501 1898; x_wconf 89' lang='lat' dir='ltr'><strong>sicut</strong></span> <span class='ocrx_word' id='word_1_114' title='bbox 522 1833 611 1898; x_wconf 81' lang='lat' dir='ltr'><strong>Plebs</strong></span> <span class='ocrx_word' id='word_1_115' title='bbox 633 1834 837 1912; x_wconf 88' lang='lat' dir='ltr'><strong>demonstrat,</strong></span> <span class='ocrx_word' id='word_1_116' title='bbox 859 1853 973 1918; x_wconf 89' lang='lat' dir='ltr'><strong>magna</strong></span> <span class='ocrx_word' id='word_1_117' title='bbox 995 1832 1167 1916; x_wconf 88' lang='lat' dir='ltr'><strong>erumperet</strong></span> <span class='ocrx_word' id='word_1_118' title='bbox 1189 1831 1238 1896; x_wconf 90' lang='lat' dir='ltr'><strong>uis</strong></span> 
     </span>
     <span class='ocr_line' id='line_1_15' title="bbox 113 1935 1238 2022; baseline 0.002 -22"><span class='ocrx_word' id='word_1_119' title='bbox 113 1936 276 2002; x_wconf 89' lang='lat' dir='ltr'><strong>hominum</strong></span> <span class='ocrx_word' id='word_1_120' title='bbox 313 1937 344 2002; x_wconf 90' lang='lat' dir='ltr'><strong>et</strong></span> <span class='ocrx_word' id='word_1_121' title='bbox 379 1937 555 2002; x_wconf 89' lang='lat' dir='ltr'><strong>innumeras</strong></span> <span class='ocrx_word' id='word_1_122' title='bbox 592 1935 732 2002; x_wconf 87' lang='lat' dir='ltr'><strong>funditus</strong></span> <span class='ocrx_word' id='word_1_123' title='bbox 769 1938 883 2004; x_wconf 85' lang='lat' dir='ltr'><strong>doleret</strong></span> <span class='ocrx_word' id='word_1_124' title='bbox 918 1940 1010 2020; x_wconf 79' lang='lat' dir='ltr'><strong>atque</strong></span> <span class='ocrx_word' id='word_1_125' title='bbox 1046 1938 1238 2022; x_wconf 79' lang='lat' dir='ltr'><strong>extingueret</strong></span> 
     </span>
     <span class='ocr_line' id='line_1_16' title="bbox 75 2039 1237 2124; baseline 0.001 -21"><span class='ocrx_word' id='word_1_126' title='bbox 75 2039 270 2119; x_wconf 75' lang='lat' dir='ltr'><strong>rorationes,</strong></span> <span class='ocrx_word' id='word_1_127' title='bbox 299 2057 353 2104; x_wconf 93' lang='lat' dir='ltr'><strong>nos</strong></span> <span class='ocrx_word' id='word_1_128' title='bbox 381 2040 497 2106; x_wconf 89' lang='lat' dir='ltr'><strong>fuimus</strong></span> <span class='ocrx_word' id='word_1_129' title='bbox 525 2043 637 2106; x_wconf 79' lang='lat' dir='ltr'><strong>causa?</strong></span> <span class='ocrx_word' id='word_1_130' title='bbox 674 2041 710 2105; x_wconf 89' lang='lat' dir='ltr'><strong>ut</strong></span> <span class='ocrx_word' id='word_1_131' title='bbox 736 2041 817 2106; x_wconf 86' lang='lat' dir='ltr'><strong>inter</strong></span> <span class='ocrx_word' id='word_1_132' title='bbox 839 2041 981 2124; x_wconf 83' lang='lat' dir='ltr'><strong>Assyrios</strong></span> <span class='ocrx_word' id='word_1_133' title='bbox 1004 2043 1035 2106; x_wconf 88' lang='lat' dir='ltr'><strong>ct</strong></span> <span class='ocrx_word' id='word_1_134' title='bbox 1057 2040 1237 2106; x_wconf 85' lang='lat' dir='ltr'><strong>Bactrianos</strong></span> 
     </span>
     <span class='ocr_line' id='line_1_17' title="bbox 113 2141 1304 2229; baseline -0.002 -24"><span class='ocrx_word' id='word_1_135' title='bbox 113 2141 196 2206; x_wconf 87' lang='lat' dir='ltr'><strong>Nino</strong></span> <span class='ocrx_word' id='word_1_136' title='bbox 230 2144 384 2224; x_wconf 88' lang='lat' dir='ltr'><strong>quondam</strong></span> <span class='ocrx_word' id='word_1_137' title='bbox 416 2143 634 2227; x_wconf 86' lang='lat' dir='ltr'><strong>Zoroastrequc</strong></span> <span class='ocrx_word' id='word_1_138' title='bbox 667 2143 844 2210; x_wconf 89' lang='lat' dir='ltr'><strong>ductoribus</strong></span> <span class='ocrx_word' id='word_1_139' title='bbox 882 2161 942 2208; x_wconf 90' lang='lat' dir='ltr'><strong>non</strong></span> <span class='ocrx_word' id='word_1_140' title='bbox 978 2145 1101 2210; x_wconf 86' lang='lat' dir='ltr'><strong>tantum</strong></span> <span class='ocrx_word' id='word_1_141' title='bbox 1128 2141 1132 2229; x_wconf 74' lang='lat' dir='ltr'><strong>l</strong></span> <span class='ocrx_word' id='word_1_142' title='bbox 1157 2142 1237 2208; x_wconf 86' lang='lat' dir='ltr'><strong>ferro</strong></span> <span class='ocrx_word' id='word_1_143' title='bbox 1245 2155 1265 2205; x_wconf 83' lang='lat' dir='ltr'><strong>f.</strong></span> <span class='ocrx_word' id='word_1_144' title='bbox 1276 2152 1304 2204; x_wconf 73' lang='lat' dir='ltr'><strong>aa</strong></span> 
     </span>
     <span class='ocr_line' id='line_1_18' title="bbox 113 2243 1238 2331; baseline 0.004 -24"><span class='ocrx_word' id='word_1_145' title='bbox 113 2243 315 2311; x_wconf 78' lang='lat' dir='ltr'><strong>dimicaretur</strong></span> <span class='ocrx_word' id='word_1_146' title='bbox 336 2250 368 2312; x_wconf 86' lang='lat' dir='ltr'><strong>et</strong></span> <span class='ocrx_word' id='word_1_147' title='bbox 390 2247 523 2328; x_wconf 87' lang='lat' dir='ltr'><strong>uiribus,</strong></span> <span class='ocrx_word' id='word_1_148' title='bbox 553 2267 662 2314; x_wconf 89' lang='lat' dir='ltr'><strong>uerum</strong></span> <span class='ocrx_word' id='word_1_149' title='bbox 691 2249 786 2313; x_wconf 87' lang='lat' dir='ltr'><strong>etiam</strong></span> <span class='ocrx_word' id='word_1_150' title='bbox 808 2247 940 2331; x_wconf 85' lang='lat' dir='ltr'><strong>Magicis</strong></span> <span class='ocrx_word' id='word_1_151' title='bbox 962 2250 994 2312; x_wconf 92' lang='lat' dir='ltr'><strong>et</strong></span> <span class='ocrx_word' id='word_1_152' title='bbox 1015 2245 1238 2312; x_wconf 75' lang='lat' dir='ltr'><strong>Chaldaeorum</strong></span> 
     </span>
     <span class='ocr_line' id='line_1_19' title="bbox 114 2349 1235 2433; baseline 0 -19"><span class='ocrx_word' id='word_1_153' title='bbox 114 2367 151 2414; x_wconf 87' lang='lat' dir='ltr'><strong>ex</strong></span> <span class='ocrx_word' id='word_1_154' title='bbox 172 2349 337 2414; x_wconf 88' lang='lat' dir='ltr'><strong>reconditis</strong></span> <span class='ocrx_word' id='word_1_155' title='bbox 359 2350 545 2433; x_wconf 88' lang='lat' dir='ltr'><strong>disciplinis,</strong></span> <span class='ocrx_word' id='word_1_156' title='bbox 574 2351 692 2417; x_wconf 89' lang='lat' dir='ltr'><strong>inuidia</strong></span> <span class='ocrx_word' id='word_1_157' title='bbox 720 2352 826 2416; x_wconf 88' lang='lat' dir='ltr'><strong>nostra</strong></span> <span class='ocrx_word' id='word_1_158' title='bbox 846 2350 921 2414; x_wconf 88' lang='lat' dir='ltr'><strong>haec</strong></span> <span class='ocrx_word' id='word_1_159' title='bbox 944 2349 1025 2416; x_wconf 79' lang='lat' dir='ltr'><strong>fuit?</strong></span> <span class='ocrx_word' id='word_1_160' title='bbox 1058 2351 1094 2415; x_wconf 88' lang='lat' dir='ltr'><strong>ut</strong></span> <span class='ocrx_word' id='word_1_161' title='bbox 1116 2349 1235 2415; x_wconf 90' lang='lat' dir='ltr'><strong>Helena</strong></span> 
     </span>
     <span class='ocr_line' id='line_1_20' title="bbox 113 2450 1320 2536; baseline 0 -20"><span class='ocrx_word' id='word_1_162' title='bbox 113 2450 175 2516; x_wconf 94' lang='lat' dir='ltr'><strong>diis</strong></span> <span class='ocrx_word' id='word_1_163' title='bbox 202 2452 331 2517; x_wconf 86' lang='lat' dir='ltr'><strong>ducibus</strong></span> <span class='ocrx_word' id='word_1_164' title='bbox 356 2453 447 2535; x_wconf 87' lang='lat' dir='ltr'><strong>atque</strong></span> <span class='ocrx_word' id='word_1_165' title='bbox 474 2453 681 2536; x_wconf 89' lang='lat' dir='ltr'><strong>inpulsoribus</strong></span> <span class='ocrx_word' id='word_1_166' title='bbox 709 2454 856 2535; x_wconf 87' lang='lat' dir='ltr'><strong>raptast</strong></span> <span class='ocrx_word' id='word_1_167' title='bbox 883 2453 947 2518; x_wconf 92' lang='lat' dir='ltr'><strong>suis</strong></span> <span class='ocrx_word' id='word_1_168' title='bbox 974 2453 1052 2518; x_wconf 86' lang='lat' dir='ltr'><strong>essct</strong></span> <span class='ocrx_word' id='word_1_169' title='bbox 1074 2452 1176 2516; x_wconf 90' lang='lat' dir='ltr'><strong>dirum</strong></span> <span class='ocrx_word' id='word_1_170' title='bbox 1198 2453 1229 2516; x_wconf 90' lang='lat' dir='ltr'><strong>et</strong></span> <span class='ocrx_word' id='word_1_171' title='bbox 1318 2473 1320 2478; x_wconf 56' lang='lat'><strong><em>¹</em></strong></span> 
     </span>
     <span class='ocr_line' id='line_1_21' title="bbox 74 2554 1235 2640; baseline 0 -20"><span class='ocrx_word' id='word_1_172' title='bbox 74 2555 255 2620; x_wconf 72' lang='lat' dir='ltr'><strong>consuturis</strong></span> <span class='ocrx_word' id='word_1_173' title='bbox 283 2555 473 2638; x_wconf 84' lang='lat' dir='ltr'><strong>temporibus</strong></span> <span class='ocrx_word' id='word_1_174' title='bbox 500 2555 613 2636; x_wconf 86' lang='lat' dir='ltr'><strong>fatum,</strong></span> <span class='ocrx_word' id='word_1_175' title='bbox 648 2557 808 2640; x_wconf 78' lang='lat' dir='ltr'><strong>roligIonis</strong></span> <span class='ocrx_word' id='word_1_176' title='bbox 836 2556 957 2620; x_wconf 87' lang='lat' dir='ltr'><strong>nostrae</strong></span> <span class='ocrx_word' id='word_1_177' title='bbox 979 2554 1165 2620; x_wconf 86' lang='lat' dir='ltr'><strong>attributum</strong></span> <span class='ocrx_word' id='word_1_178' title='bbox 1187 2557 1235 2620; x_wconf 89' lang='lat' dir='ltr'><strong>ost</strong></span> 
     </span>
     <span class='ocr_line' id='line_1_22' title="bbox 6 2651 1235 2734; baseline -0.002 -10"><span class='ocrx_word' id='word_1_179' title='bbox 6 2711 11 2734; x_wconf 81' lang='grc'><strong>,</strong></span> <span class='ocrx_word' id='word_1_180' title='bbox 114 2657 320 2724; x_wconf 80' lang='lat' dir='ltr'><strong>criminibus?</strong></span> <span class='ocrx_word' id='word_1_181' title='bbox 347 2660 382 2722; x_wconf 92' lang='lat' dir='ltr'><strong>ut</strong></span> <span class='ocrx_word' id='word_1_182' title='bbox 402 2658 457 2722; x_wconf 90' lang='lat' dir='ltr'><strong>ille</strong></span> <span class='ocrx_word' id='word_1_183' title='bbox 477 2659 622 2724; x_wconf 88' lang='lat' dir='ltr'><strong>immanis</strong></span> <span class='ocrx_word' id='word_1_184' title='bbox 644 2658 755 2724; x_wconf 86' lang='lat' dir='ltr'><strong>Xerses</strong></span> <span class='ocrx_word' id='word_1_185' title='bbox 778 2676 861 2723; x_wconf 89' lang='lat' dir='ltr'><strong>mare</strong></span> <span class='ocrx_word' id='word_1_186' title='bbox 883 2658 973 2723; x_wconf 89' lang='lat' dir='ltr'><strong>terris</strong></span> <span class='ocrx_word' id='word_1_187' title='bbox 996 2651 1182 2722; x_wconf 87' lang='lat' dir='ltr'><strong>immitteret</strong></span> <span class='ocrx_word' id='word_1_188' title='bbox 1204 2658 1235 2722; x_wconf 88' lang='lat' dir='ltr'><strong>et</strong></span> 
     </span>
     <span class='ocr_line' id='line_1_23' title="bbox 114 2759 1236 2846; baseline -0.001 -19"><span class='ocrx_word' id='word_1_189' title='bbox 114 2762 272 2846; x_wconf 85' lang='lat' dir='ltr'><strong>gressibus</strong></span> <span class='ocrx_word' id='word_1_190' title='bbox 294 2761 392 2833; x_wconf 88' lang='lat' dir='ltr'><strong>maria</strong></span> <span class='ocrx_word' id='word_1_191' title='bbox 414 2762 569 2840; x_wconf 88' lang='lat' dir='ltr'><strong>transiret,</strong></span> <span class='ocrx_word' id='word_1_192' title='bbox 592 2762 689 2826; x_wconf 87' lang='lat' dir='ltr'><strong>nostri</strong></span> <span class='ocrx_word' id='word_1_193' title='bbox 711 2760 845 2826; x_wconf 88' lang='lat' dir='ltr'><strong>nominis</strong></span> <span class='ocrx_word' id='word_1_194' title='bbox 866 2760 1010 2826; x_wconf 85' lang='lat' dir='ltr'><strong>effectum</strong></span> <span class='ocrx_word' id='word_1_195' title='bbox 1033 2762 1081 2826; x_wconf 89' lang='lat' dir='ltr'><strong>est</strong></span> <span class='ocrx_word' id='word_1_196' title='bbox 1096 2759 1236 2826; x_wconf 78' lang='lat' dir='ltr'><strong>iniuria?</strong></span> 
     </span>
     <span class='ocr_line' id='line_1_24' title="bbox 114 2861 1238 2948; baseline -0.002 -19"><span class='ocrx_word' id='word_1_197' title='bbox 114 2866 151 2929; x_wconf 90' lang='lat' dir='ltr'><strong>ut</strong></span> <span class='ocrx_word' id='word_1_198' title='bbox 174 2883 209 2930; x_wconf 83' lang='lat' dir='ltr'><strong>or</strong></span> <span class='ocrx_word' id='word_1_199' title='bbox 224 2864 421 2929; x_wconf 88' lang='lat' dir='ltr'><strong>Macedoniae</strong></span> <span class='ocrx_word' id='word_1_200' title='bbox 435 2863 547 2928; x_wconf 91' lang='lat' dir='ltr'><strong>finibus</strong></span> <span class='ocrx_word' id='word_1_201' title='bbox 569 2882 647 2928; x_wconf 92' lang='lat' dir='ltr'><strong>unus</strong></span> <span class='ocrx_word' id='word_1_202' title='bbox 662 2864 785 2932; x_wconf 80' lang='lat' dir='ltr'><strong>exortus</strong></span> <span class='ocrx_word' id='word_1_203' title='bbox 801 2863 978 2929; x_wconf 88' lang='lat' dir='ltr'><strong>adolescens</strong></span> <span class='ocrx_word' id='word_1_204' title='bbox 993 2861 1127 2930; x_wconf 88' lang='lat' dir='ltr'><strong>Orientis</strong></span> <span class='ocrx_word' id='word_1_205' title='bbox 1143 2881 1238 2948; x_wconf 84' lang='lat' dir='ltr'><strong>regna</strong></span> 
     </span>
     <span class='ocr_line' id='line_1_25' title="bbox 115 2965 1238 3052; baseline 0 -20"><span class='ocrx_word' id='word_1_206' title='bbox 115 2971 148 3032; x_wconf 89' lang='lat' dir='ltr'><strong>et</strong></span> <span class='ocrx_word' id='word_1_207' title='bbox 170 2967 299 3050; x_wconf 90' lang='lat' dir='ltr'><strong>populos</strong></span> <span class='ocrx_word' id='word_1_208' title='bbox 322 2967 503 3048; x_wconf 88' lang='lat' dir='ltr'><strong>captiuitate</strong></span> <span class='ocrx_word' id='word_1_209' title='bbox 525 2984 560 3030; x_wconf 87' lang='lat' dir='ltr'><strong>ac</strong></span> <span class='ocrx_word' id='word_1_210' title='bbox 574 2965 701 3032; x_wconf 87' lang='lat' dir='ltr'><strong>seruitio</strong></span> <span class='ocrx_word' id='word_1_211' title='bbox 716 2967 907 3052; x_wconf 87' lang='lat' dir='ltr'><strong>subiugaret,</strong></span> <span class='ocrx_word' id='word_1_212' title='bbox 930 2984 984 3032; x_wconf 91' lang='lat' dir='ltr'><strong>nos</strong></span> <span class='ocrx_word' id='word_1_213' title='bbox 1000 2967 1129 3032; x_wconf 87' lang='lat' dir='ltr'><strong>fecimus</strong></span> <span class='ocrx_word' id='word_1_214' title='bbox 1145 2968 1238 3050; x_wconf 87' lang='lat' dir='ltr'><strong>atque</strong></span> 
     </span>
     <span class='ocr_line' id='line_1_26' title="bbox 42 3070 1236 3153; baseline 0.006 -24"><span class='ocrx_word' id='word_1_215' title='bbox 42 3072 43 3075; x_wconf 76' lang='grc'>’</span> <span class='ocrx_word' id='word_1_216' title='bbox 76 3070 320 3136; x_wconf 72' lang='lat' dir='ltr'><strong>reexcitauimus</strong></span> <span class='ocrx_word' id='word_1_217' title='bbox 349 3072 475 3136; x_wconf 79' lang='lat' dir='ltr'><strong>causas?</strong></span> <span class='ocrx_word' id='word_1_218' title='bbox 508 3071 545 3135; x_wconf 92' lang='lat' dir='ltr'><strong>ut</strong></span> <span class='ocrx_word' id='word_1_219' title='bbox 572 3071 662 3136; x_wconf 93' lang='lat' dir='ltr'><strong>modo</strong></span> <span class='ocrx_word' id='word_1_220' title='bbox 691 3071 823 3136; x_wconf 89' lang='lat' dir='ltr'><strong>Romani</strong></span> <span class='ocrx_word' id='word_1_221' title='bbox 854 3071 942 3136; x_wconf 90' lang='lat' dir='ltr'><strong>uelut</strong></span> <span class='ocrx_word' id='word_1_222' title='bbox 970 3070 1094 3153; x_wconf 91' lang='lat' dir='ltr'><strong>aliquod</strong></span> <span class='ocrx_word' id='word_1_223' title='bbox 1121 3070 1236 3136; x_wconf 90' lang='lat' dir='ltr'><strong>flumen</strong></span> 
     </span>
     <span class='ocr_line' id='line_1_27' title="bbox 113 3174 1236 3257; baseline 0 -19"><span class='ocrx_word' id='word_1_224' title='bbox 113 3175 235 3239; x_wconf 87' lang='lat' dir='ltr'><strong>torrens</strong></span> <span class='ocrx_word' id='word_1_225' title='bbox 263 3174 389 3240; x_wconf 85' lang='lat' dir='ltr'><strong>cunctas</strong></span> <span class='ocrx_word' id='word_1_226' title='bbox 417 3176 660 3257; x_wconf 88' lang='lat' dir='ltr'><strong>summergsrent</strong></span> <span class='ocrx_word' id='word_1_227' title='bbox 690 3176 781 3256; x_wconf 79' lang='lat' dir='ltr'><strong>atque</strong></span> <span class='ocrx_word' id='word_1_228' title='bbox 810 3174 974 3239; x_wconf 84' lang='lat' dir='ltr'><strong>&#39;obruerent</strong></span> <span class='ocrx_word' id='word_1_229' title='bbox 1004 3174 1158 3254; x_wconf 87' lang='lat' dir='ltr'><strong>nationes,</strong></span> <span class='ocrx_word' id='word_1_230' title='bbox 1181 3192 1236 3239; x_wconf 92' lang='lat' dir='ltr'><strong>nos</strong></span> 
     </span>
     <span class='ocr_line' id='line_1_28' title="bbox 113 3276 1236 3360; baseline 0 -18"><span class='ocrx_word' id='word_1_231' title='bbox 113 3277 261 3342; x_wconf 89' lang='lat' dir='ltr'><strong>uidelicet</strong></span> <span class='ocrx_word' id='word_1_232' title='bbox 282 3277 409 3342; x_wconf 91' lang='lat' dir='ltr'><strong>numina</strong></span> <span class='ocrx_word' id='word_1_233' title='bbox 431 3276 701 3360; x_wconf 87' lang='lat' dir='ltr'><strong>praecipitauimus</strong></span> <span class='ocrx_word' id='word_1_234' title='bbox 716 3278 750 3341; x_wconf 90' lang='lat' dir='ltr'><strong>in</strong></span> <span class='ocrx_word' id='word_1_235' title='bbox 766 3278 922 3345; x_wconf 76' lang='lat' dir='ltr'><strong>furorem?</strong></span> <span class='ocrx_word' id='word_1_236' title='bbox 954 3277 1063 3358; x_wconf 90' lang='lat' dir='ltr'><strong>quodsi</strong></span> <span class='ocrx_word' id='word_1_237' title='bbox 1077 3276 1236 3343; x_wconf 90' lang='lat' dir='ltr'><strong>hominum</strong></span> 
     </span>
     <span class='ocr_line' id='line_1_29' title="bbox 113 3373 1237 3464; baseline 0 -19"><span class='ocrx_word' id='word_1_238' title='bbox 113 3381 221 3445; x_wconf 86' lang='lat' dir='ltr'><strong>nullus</strong></span> <span class='ocrx_word' id='word_1_239' title='bbox 243 3382 300 3459; x_wconf 89' lang='lat' dir='ltr'><strong>est,</strong></span> <span class='ocrx_word' id='word_1_240' title='bbox 324 3380 378 3462; x_wconf 90' lang='lat' dir='ltr'><strong>qui</strong></span> <span class='ocrx_word' id='word_1_241' title='bbox 400 3397 478 3461; x_wconf 89' lang='lat' dir='ltr'><strong>quae</strong></span> <span class='ocrx_word' id='word_1_242' title='bbox 499 3379 681 3444; x_wconf 89' lang='lat' dir='ltr'><strong>iamdudum</strong></span> <span class='ocrx_word' id='word_1_243' title='bbox 704 3381 793 3464; x_wconf 89' lang='lat' dir='ltr'><strong>gesta</strong></span> <span class='ocrx_word' id='word_1_244' title='bbox 808 3380 882 3446; x_wconf 87' lang='lat' dir='ltr'><strong>sunt</strong></span> <span class='ocrx_word' id='word_1_245' title='bbox 897 3373 1011 3445; x_wconf 85' lang='lat' dir='ltr'><strong>nostris</strong></span> <span class='ocrx_word' id='word_1_246' title='bbox 1026 3381 1136 3446; x_wconf 86' lang='lat' dir='ltr'><strong>audeat</strong></span> <span class='ocrx_word' id='word_1_247' title='bbox 1158 3381 1237 3446; x_wconf 88' lang='lat' dir='ltr'><strong>tem·</strong></span> 
     </span>
    </p>
   </div>
   <div class='ocr_carea' id='block_1_3' title="bbox 218 3531 433 3600">
    <p class='ocr_par' dir='ltr' id='par_1_3' title="bbox 218 3531 433 3600">
     <span class='ocr_line' id='line_1_30' title="bbox 218 3531 433 3600; baseline 0 -16"><span class='ocrx_word' id='word_1_248' title='bbox 218 3531 250 3596; x_wconf 82' lang='lat'><strong>13</strong></span> <span class='ocrx_word' id='word_1_249' title='bbox 268 3531 334 3584; x_wconf 78' lang='lat' dir='ltr'><strong>Tim.</strong></span> <span class='ocrx_word' id='word_1_250' title='bbox 354 3547 379 3600; x_wconf 91' lang='lat' dir='ltr'><strong>p.</strong></span> <span class='ocrx_word' id='word_1_251' title='bbox 398 3531 433 3584; x_wconf 83' lang='grc'><strong>25</strong></span> 
     </span>
    </p>
   </div>
   <div class='ocr_carea' id='block_1_4' title="bbox 112 3667 1237 4424">
    <p class='ocr_par' dir='ltr' id='par_1_4' title="bbox 112 3667 1237 4424">
     <span class='ocr_line' id='line_1_31' title="bbox 150 3667 1237 3734; baseline 0.001 -13"><span class='ocrx_word' id='word_1_252' title='bbox 150 3669 216 3721; x_wconf 91' lang='lat' dir='ltr'><strong>lab</strong></span> <span class='ocrx_word' id='word_1_253' title='bbox 235 3667 297 3733; x_wconf 72' lang='lat' dir='ltr'><strong>aab,</strong></span> <span class='ocrx_word' id='word_1_254' title='bbox 314 3685 345 3722; x_wconf 84' lang='lat' dir='ltr'><strong>r:</strong></span> <span class='ocrx_word' id='word_1_255' title='bbox 372 3671 406 3722; x_wconf 88' lang='lat' dir='ltr'><strong>ad</strong></span> <span class='ocrx_word' id='word_1_256' title='bbox 424 3669 453 3722; x_wconf 92' lang='lat' dir='ltr'><strong><em>P</em></strong></span> <span class='ocrx_word' id='word_1_257' title='bbox 548 3667 693 3722; x_wconf 81' lang='lat' dir='ltr'><strong>2dilnniis</strong></span> <span class='ocrx_word' id='word_1_258' title='bbox 712 3667 774 3734; x_wconf 79' lang='lat' dir='ltr'><strong>Sub,</strong></span> <span class='ocrx_word' id='word_1_259' title='bbox 791 3685 822 3722; x_wconf 81' lang='lat' dir='ltr'><strong>r:</strong></span> <span class='ocrx_word' id='word_1_260' title='bbox 849 3669 950 3722; x_wconf 89' lang='lat' dir='ltr'><strong>dilunis</strong></span> <span class='ocrx_word' id='word_1_261' title='bbox 968 3669 996 3724; x_wconf 93' lang='lat' dir='ltr'><strong><em>P</em></strong></span> <span class='ocrx_word' id='word_1_262' title='bbox 1086 3667 1237 3723; x_wconf 78' lang='lat' dir='ltr'><strong>asedoma</strong></span> 
     </span>
     <span class='ocr_line' id='line_1_32' title="bbox 113 3751 1236 3824; baseline -0.001 -16"><span class='ocrx_word' id='word_1_263' title='bbox 113 3757 142 3808; x_wconf 88' lang='lat' dir='ltr'><strong>et</strong></span> <span class='ocrx_word' id='word_1_264' title='bbox 159 3751 306 3810; x_wconf 80' lang='lat' dir='ltr'><strong>Gomorrha</strong></span> <span class='ocrx_word' id='word_1_265' title='bbox 323 3770 382 3823; x_wconf 79' lang='lat' dir='ltr'><strong>sap.</strong></span> <span class='ocrx_word' id='word_1_266' title='bbox 400 3769 472 3810; x_wconf 78' lang='lat' dir='ltr'><strong>aere.</strong></span> <span class='ocrx_word' id='word_1_267' title='bbox 489 3769 504 3808; x_wconf 84' lang='lat' dir='ltr'><strong>r</strong></span> <span class='ocrx_word' id='word_1_268' title='bbox 589 3754 708 3808; x_wconf 65' lang='lat' dir='ltr'><strong>incensus</strong></span> <span class='ocrx_word' id='word_1_269' title='bbox 726 3755 754 3808; x_wconf 92' lang='lat' dir='ltr'><strong><em>P</em></strong></span> <span class='ocrx_word' id='word_1_270' title='bbox 841 3755 1025 3824; x_wconf 72' lang='lat' dir='ltr'><strong>‹tcoopertaae</strong></span> <span class='ocrx_word' id='word_1_271' title='bbox 1040 3756 1067 3810; x_wconf 95' lang='lat' dir='ltr'><strong><em>P</em></strong></span> <span class='ocrx_word' id='word_1_272' title='bbox 1151 3755 1168 3808; x_wconf 84' lang='lat'><strong>9</strong></span> <span class='ocrx_word' id='word_1_273' title='bbox 1186 3755 1236 3807; x_wconf 91' lang='lat' dir='ltr'><strong>sci·</strong></span> 
     </span>
     <span class='ocr_line' id='line_1_33' title="bbox 113 3839 1168 3909; baseline -0.002 -15"><span class='ocrx_word' id='word_1_274' title='bbox 113 3839 182 3894; x_wconf 84' lang='lat' dir='ltr'><strong>ticas</strong></span> <span class='ocrx_word' id='word_1_275' title='bbox 199 3840 227 3893; x_wconf 92' lang='lat' dir='ltr'><strong><em>P</em></strong></span> <span class='ocrx_word' id='word_1_276' title='bbox 334 3839 367 3893; x_wconf 84' lang='lat'><strong>13</strong></span> <span class='ocrx_word' id='word_1_277' title='bbox 385 3841 535 3909; x_wconf 87' lang='lat' dir='ltr'><strong>erumperet</strong></span> <span class='ocrx_word' id='word_1_278' title='bbox 558 3839 623 3894; x_wconf 80' lang='lat' dir='ltr'><strong>Get:</strong></span> <span class='ocrx_word' id='word_1_279' title='bbox 642 3855 732 3893; x_wconf 92' lang='lat' dir='ltr'><strong>earum</strong></span> <span class='ocrx_word' id='word_1_280' title='bbox 748 3840 818 3908; x_wconf 89' lang='lat' dir='ltr'><strong>perit</strong></span> <span class='ocrx_word' id='word_1_281' title='bbox 835 3841 863 3894; x_wconf 92' lang='lat' dir='ltr'><strong><em>P</em></strong></span> <span class='ocrx_word' id='word_1_282' title='bbox 971 3841 1004 3894; x_wconf 84' lang='lat'><strong>14</strong></span> <span class='ocrx_word' id='word_1_283' title='bbox 1021 3844 1052 3895; x_wconf 91' lang='lat' dir='ltr'><strong>ut</strong></span> <span class='ocrx_word' id='word_1_284' title='bbox 1070 3841 1133 3905; x_wconf 79' lang='lat' dir='ltr'><strong>Sub,</strong></span> <span class='ocrx_word' id='word_1_285' title='bbox 1153 3855 1168 3892; x_wconf 86' lang='lat' dir='ltr'><strong>r</strong></span> 
     </span>
     <span class='ocr_line' id='line_1_34' title="bbox 113 3924 1167 3998; baseline 0.001 -19"><span class='ocrx_word' id='word_1_286' title='bbox 113 3925 149 3979; x_wconf 77' lang='lat'><strong>15</strong></span> <span class='ocrx_word' id='word_1_287' title='bbox 165 3924 317 3978; x_wconf 84' lang='lat' dir='ltr'><strong>bactrianos</strong></span> <span class='ocrx_word' id='word_1_288' title='bbox 336 3925 403 3992; x_wconf 83' lang='lat' dir='ltr'><strong>Sob,</strong></span> <span class='ocrx_word' id='word_1_289' title='bbox 421 3942 451 3980; x_wconf 84' lang='lat' dir='ltr'><strong>r:</strong></span> <span class='ocrx_word' id='word_1_290' title='bbox 478 3925 615 3980; x_wconf 83' lang='lat' dir='ltr'><strong>bactiauoa</strong></span> <span class='ocrx_word' id='word_1_291' title='bbox 633 3925 660 3980; x_wconf 89' lang='lat' dir='ltr'><strong><em>P</em></strong></span> <span class='ocrx_word' id='word_1_292' title='bbox 764 3927 798 3982; x_wconf 88' lang='grc'><strong>16</strong></span> <span class='ocrx_word' id='word_1_293' title='bbox 816 3929 1013 3998; x_wconf 82' lang='lat' dir='ltr'><strong>zoroastraeque</strong></span> <span class='ocrx_word' id='word_1_294' title='bbox 1030 3929 1057 3983; x_wconf 95' lang='lat' dir='ltr'><strong><em>P</em></strong></span> <span class='ocrx_word' id='word_1_295' title='bbox 1074 3943 1133 3984; x_wconf 83' lang='lat' dir='ltr'><strong>corr</strong></span> <span class='ocrx_word' id='word_1_296' title='bbox 1151 3943 1167 3980; x_wconf 84' lang='lat' dir='ltr'><strong>r</strong></span> 
     </span>
     <span class='ocr_line' id='line_1_35' title="bbox 113 4009 1236 4080; baseline 0 -14"><span class='ocrx_word' id='word_1_297' title='bbox 113 4009 148 4066; x_wconf 79' lang='lat'><strong>17</strong></span> <span class='ocrx_word' id='word_1_298' title='bbox 165 4009 296 4080; x_wconf 86' lang='lat' dir='ltr'><strong>magichis</strong></span> <span class='ocrx_word' id='word_1_299' title='bbox 314 4012 342 4065; x_wconf 92' lang='lat' dir='ltr'><strong><em>P</em></strong></span> <span class='ocrx_word' id='word_1_300' title='bbox 360 4026 421 4066; x_wconf 81' lang='lat' dir='ltr'><strong>corr</strong></span> <span class='ocrx_word' id='word_1_301' title='bbox 532 4011 699 4066; x_wconf 87' lang='lat' dir='ltr'><strong>chaldeorum</strong></span> <span class='ocrx_word' id='word_1_302' title='bbox 716 4013 744 4066; x_wconf 94' lang='lat' dir='ltr'><strong><em>P</em></strong></span> <span class='ocrx_word' id='word_1_303' title='bbox 853 4014 886 4067; x_wconf 89' lang='lat'><strong>18</strong></span> <span class='ocrx_word' id='word_1_304' title='bbox 903 4029 933 4067; x_wconf 85' lang='lat' dir='ltr'><strong>ex</strong></span> <span class='ocrx_word' id='word_1_305' title='bbox 951 4031 992 4068; x_wconf 85' lang='lat' dir='ltr'><strong>om</strong></span> <span class='ocrx_word' id='word_1_306' title='bbox 1014 4014 1063 4068; x_wconf 75' lang='lat' dir='ltr'><strong>oea</strong></span> <span class='ocrx_word' id='word_1_307' title='bbox 1173 4013 1236 4067; x_wconf 88' lang='lat' dir='ltr'><strong>hae-</strong></span> 
     </span>
     <span class='ocr_line' id='line_1_36' title="bbox 112 4097 1235 4154; baseline 0 -2"><span class='ocrx_word' id='word_1_308' title='bbox 112 4097 175 4152; x_wconf 88' lang='lat' dir='ltr'><strong>lcna</strong></span> <span class='ocrx_word' id='word_1_309' title='bbox 193 4099 218 4150; x_wconf 92' lang='lat' dir='ltr'><strong><em>P</em></strong></span> <span class='ocrx_word' id='word_1_310' title='bbox 319 4098 351 4151; x_wconf 89' lang='grc'><strong>19</strong></span> <span class='ocrx_word' id='word_1_311' title='bbox 375 4100 444 4151; x_wconf 91' lang='lat' dir='ltr'><strong>esset</strong></span> <span class='ocrx_word' id='word_1_312' title='bbox 462 4098 517 4152; x_wconf 81' lang='lat' dir='ltr'><strong>Sob</strong></span> <span class='ocrx_word' id='word_1_313' title='bbox 536 4099 567 4152; x_wconf 79' lang='lat' dir='ltr'><strong>ira</strong></span> <span class='ocrx_word' id='word_1_314' title='bbox 585 4114 645 4151; x_wconf 82' lang='lat' dir='ltr'><strong>err:</strong></span> <span class='ocrx_word' id='word_1_315' title='bbox 675 4114 730 4152; x_wconf 88' lang='lat' dir='ltr'><strong>esse</strong></span> <span class='ocrx_word' id='word_1_316' title='bbox 747 4099 775 4152; x_wconf 94' lang='lat' dir='ltr'><strong><em>P</em></strong></span> <span class='ocrx_word' id='word_1_317' title='bbox 876 4100 908 4152; x_wconf 93' lang='grc'><strong>21</strong></span> <span class='ocrx_word' id='word_1_318' title='bbox 932 4099 1087 4154; x_wconf 90' lang='lat' dir='ltr'><strong>criminibus</strong></span> <span class='ocrx_word' id='word_1_319' title='bbox 1105 4099 1235 4154; x_wconf 81' lang='lat' dir='ltr'><strong>Zialca&#39;aa:</strong></span> 
     </span>
     <span class='ocr_line' id='line_1_37' title="bbox 113 4183 1235 4251; baseline 0.002 -14"><span class='ocrx_word' id='word_1_320' title='bbox 113 4183 234 4237; x_wconf 88' lang='lat' dir='ltr'><strong>criminis</strong></span> <span class='ocrx_word' id='word_1_321' title='bbox 252 4183 280 4236; x_wconf 92' lang='lat' dir='ltr'><strong><em>P</em></strong></span> <span class='ocrx_word' id='word_1_322' title='bbox 296 4184 403 4238; x_wconf 86' lang='lat' dir='ltr'><strong>crimini</strong></span> <span class='ocrx_word' id='word_1_323' title='bbox 421 4183 477 4238; x_wconf 81' lang='lat' dir='ltr'><strong>Sob</strong></span> <span class='ocrx_word' id='word_1_324' title='bbox 510 4200 514 4212; x_wconf 90' lang='grc'><strong><em>·</em></strong></span> <span class='ocrx_word' id='word_1_325' title='bbox 585 4183 618 4237; x_wconf 90' lang='grc'><strong>22</strong></span> <span class='ocrx_word' id='word_1_326' title='bbox 634 4183 733 4237; x_wconf 86' lang='lat' dir='ltr'><strong>iniuria</strong></span> <span class='ocrx_word' id='word_1_327' title='bbox 752 4183 817 4251; x_wconf 79' lang='lat' dir='ltr'><strong>Sub,</strong></span> <span class='ocrx_word' id='word_1_328' title='bbox 835 4201 865 4236; x_wconf 85' lang='lat' dir='ltr'><strong>r:</strong></span> <span class='ocrx_word' id='word_1_329' title='bbox 891 4185 950 4238; x_wconf 90' lang='lat' dir='ltr'><strong>iura</strong></span> <span class='ocrx_word' id='word_1_330' title='bbox 965 4186 993 4239; x_wconf 92' lang='lat' dir='ltr'><strong><em>P</em></strong></span> <span class='ocrx_word' id='word_1_331' title='bbox 1094 4185 1128 4240; x_wconf 86' lang='grc'><strong>23</strong></span> <span class='ocrx_word' id='word_1_332' title='bbox 1145 4185 1235 4240; x_wconf 87' lang='lat' dir='ltr'><strong>adulo·</strong></span> 
     </span>
     <span class='ocr_line' id='line_1_38' title="bbox 113 4267 1236 4340; baseline 0.002 -18"><span class='ocrx_word' id='word_1_333' title='bbox 113 4284 188 4323; x_wconf 88' lang='lat' dir='ltr'><strong>scens</strong></span> <span class='ocrx_word' id='word_1_334' title='bbox 200 4285 216 4322; x_wconf 84' lang='lat' dir='ltr'><strong>r</strong></span> <span class='ocrx_word' id='word_1_335' title='bbox 314 4269 348 4322; x_wconf 85' lang='grc'><strong>24</strong></span> <span class='ocrx_word' id='word_1_336' title='bbox 360 4269 399 4338; x_wconf 88' lang='lat' dir='ltr'><strong>ac]</strong></span> <span class='ocrx_word' id='word_1_337' title='bbox 412 4272 440 4323; x_wconf 87' lang='lat' dir='ltr'><strong>ct</strong></span> <span class='ocrx_word' id='word_1_338' title='bbox 452 4267 509 4324; x_wconf 78' lang='lat' dir='ltr'><strong>sao</strong></span> <span class='ocrx_word' id='word_1_339' title='bbox 605 4269 639 4322; x_wconf 87' lang='grc'><strong>26</strong></span> <span class='ocrx_word' id='word_1_340' title='bbox 651 4271 758 4323; x_wconf 88' lang='lat' dir='ltr'><strong>cunctas</strong></span> <span class='ocrx_word' id='word_1_341' title='bbox 771 4268 835 4334; x_wconf 80' lang='lat' dir='ltr'><strong>Sub,</strong></span> <span class='ocrx_word' id='word_1_342' title='bbox 846 4285 876 4322; x_wconf 82' lang='lat' dir='ltr'><strong>r.-</strong></span> <span class='ocrx_word' id='word_1_343' title='bbox 894 4273 988 4324; x_wconf 87' lang='lat' dir='ltr'><strong>cuncta</strong></span> <span class='ocrx_word' id='word_1_344' title='bbox 1000 4270 1027 4324; x_wconf 95' lang='lat' dir='ltr'><strong><em>P</em></strong></span> <span class='ocrx_word' id='word_1_345' title='bbox 1123 4272 1157 4326; x_wconf 88' lang='grc'><strong>28</strong></span> <span class='ocrx_word' id='word_1_346' title='bbox 1169 4286 1236 4340; x_wconf 86' lang='lat' dir='ltr'><strong>qnae</strong></span> 
     </span>
     <span class='ocr_line' id='line_1_39' title="bbox 113 4353 957 4424; baseline 0.002 -16"><span class='ocrx_word' id='word_1_347' title='bbox 113 4353 270 4409; x_wconf 89' lang='lat' dir='ltr'><strong>iamdudum</strong></span> <span class='ocrx_word' id='word_1_348' title='bbox 291 4353 433 4410; x_wconf 83' lang='lat' dir='ltr'><strong>Oebleras:</strong></span> <span class='ocrx_word' id='word_1_349' title='bbox 455 4357 635 4424; x_wconf 88' lang='lat' dir='ltr'><strong>quamdudum</strong></span> <span class='ocrx_word' id='word_1_350' title='bbox 653 4355 679 4408; x_wconf 92' lang='lat' dir='ltr'><strong><em>P</em></strong></span> <span class='ocrx_word' id='word_1_351' title='bbox 698 4371 765 4424; x_wconf 89' lang='lat' dir='ltr'><strong>quae</strong></span> <span class='ocrx_word' id='word_1_352' title='bbox 782 4355 883 4410; x_wconf 87' lang='lat' dir='ltr'><strong>dudum</strong></span> <span class='ocrx_word' id='word_1_353' title='bbox 901 4355 957 4410; x_wconf 80' lang='lat' dir='ltr'><strong>Sab</strong></span> 
     </span>
    </p>
   </div>
   <div class='ocr_carea' id='block_1_5' title="bbox 0 0 1480 5006">
    <p class='ocr_par' dir='ltr' id='par_1_5' title="bbox 0 0 1480 5006">
     <span class='ocr_line' id='line_1_40' title="bbox 0 0 1480 5006; baseline 0 0"><span class='ocrx_word' id='word_1_354' title='bbox 0 0 1480 5006; x_wconf 95' lang='lat' dir='ltr'><strong> </strong></span> 
     </span>
    </p>
   </div>
  </div>
 </body>
</html>
