2950 5006
585 485 684 540 Liber
700 486 722 538 Ι.
1166 488 1206 552 21

84 656 201 721 linitus
232 656 388 740 ingenitus
417 656 591 723 inmortalis
621 658 785 741 perpetuus
807 655 904 738 solus,
928 673 1019 738 quem
1048 653 1134 724 nulla
1155 658 1207 722 de-

93 759 184 824 liniat
206 759 304 824 forma
326 760 501 842 corporalis,
522 761 610 825 nnlla
631 759 815 825 determinat
831 759 1082 842 circumscriptio,
1107 760 1208 842 qnali-

94 863 172 927 tatis
194 879 311 943 expers,
334 881 438 945 expers
461 863 660 944 quantitatis,
691 863 757 928 sine
779 861 842 928 sitn
865 865 951 928 motu
973 865 1004 928 et
1025 864 1148 942 babitu,
1172 865 1209 928 de

94 981 156 1046 quo
189 965 268 1029 nihil
296 965 357 1030 dici
386 967 418 1030 et
444 965 573 1048 exprimi
605 967 783 1031 mortalium
815 965 897 1050 potis
920 966 966 1030 est
983 966 1208 1050 ¹significatione

58 1094 82 1131 :e
95 1069 267 1146 uerborum,
290 1068 344 1150 qui
366 1069 402 1134 ut
423 1068 614 1154 intellegeris
637 1071 798 1134 meandum
821 1070 867 1134 est
889 1074 981 1152 atque
1001 1072 1038 1136 ut
1063 1090 1116 1153 per
1142 1092 1208 1159 um-

93 1172 238 1236 bramte
258 1171 355 1255 possit
384 1191 488 1238 emens
517 1173 704 1257 inuestigare
727 1173 873 1254 suspicio,
908 1173 987 1238 nihil
1013 1175 1060 1238 est
1086 1175 1207 1240 omnino

93 1273 312 1338 muttiendnrn,
350 1274 389 1340 da
422 1275 557 1354 ueniam,
585 1295 637 1340 ren
659 1293 795 1355 summe,
822 1277 892 1340 tuos
925 1277 1173 1359 persequentibus
1199 1276 1237 1363 tf·
1247 1281 1294 1335 11¹>

92 1376 242 1461 famulos,
270 1379 301 1442 et
323 1379 402 1460 quod
424 1380 496 1444 tuae
517 1378 716 1462 benignitatis
745 1379 792 1443 est
819 1378 990 1462 proprium,
1019 1378 1207 1464 fngientibus

92 1482 215 1564 ignosce
237 1481 285 1546 tni
313 1481 446 1546 nominis
470 1482 500 1546 et
522 1481 679 1566 religionis
707 1483 835 1548 cultum.
881 1501 940 1548 non
963 1483 1009 1547 est
1031 1483 1158 1562 mirum,
1181 1483 1208 1550 si

43 1615 83 1652 --ιο
92 1584 258 1667 ignoraris,
280 1584 405 1650 maioris
428 1587 474 1650 cst
496 1573 718 1664 criminationis,
742 1585 769 1651 si
791 1585 911 1665 sciaris,
934 1585 995 1652 nisi
1017 1585 1095 1652 forte
1117 1588 1209 1653 audet

93 1687 255 1769 quisquam
281 1723 318 1736 -
342 1688 399 1752 hoc
427 1687 511 1752 enim
540 1687 670 1753 fiiriosce
697 1689 794 1754 restet
821 1689 958 1755 insaniae
980 1724 1021 1738 -
1043 1690 1206 1775 ambigere,

93 1789 253 1872 dubitare,
276 1808 314 1854 an
333 1790 379 1853 sit
400 1790 459 1884 iste
481 1790 555 1856 dens
582 1809 621 1856 an
648 1791 787 1870 nonsit,
810 1792 965 1874 explorata
986 1791 1056 1857 fidei
1078 1793 1207 1860 ueritate
1226 1789 1230 1799 '

91 1913 133 1958 an
156 1893 285 1958 rumoris
309 1893 386 1958 cossi
407 1892 583 1975 opinatione
605 1893 647 1958 sit
669 1893 813 1958 creditus.
848 1895 989 1959 audimus
1012 1895 1094 1960 enim
1117 1915 1206 1979 qnos·

90 1996 166 2060 dam
187 1993 421 2080 philosophandi
444 1994 545 2060 studio
562 1995 681 2060 deditos
694 1996 809 2078 partim
825 1997 922 2062 ullam
938 2015 1048 2081 negare
1063 1999 1129 2063 uim
1144 2018 1208 2066 esse
1234 2029 1235 2033 ¹

44 2099 367 2182 ·15diuinampurtim
388 2118 427 2164 an
449 2099 489 2164 sit
511 2098 624 2163 cotidie
644 2118 803 2181 quaerere3
834 2100 911 2165 alios
933 2100 1052 2165 casibus
1069 2100 1206 2168 fortuitis

92 2203 125 2266 et
148 2202 393 2268 concursionibus
415 2202 588 2266 temerariis
616 2221 769 2268 summam
799 2221 902 2268 rerum
924 2205 1095 2269 construere
1117 2208 1209 2289 atquc

91 2293 282 2372 diuersitatis
304 2307 423 2390 impetn
445 2304 600 2383 fabricari,
623 2323 693 2370 cum
715 2305 826 2388 quibus
849 2306 905 2370 hoc
926 2307 1063 2388 tempore
1085 2308 1207 2374 nullum

90 2408 180 2473 uobis
202 2410 325 2475 omnino
347 2427 437 2490 snper
452 2408 511 2472 tali
526 2407 585 2472 erit
599 2408 803 2474 obstinatione
825 2409 986 2474 certamen
1017 2410 1106 2475 aiunt
1127 2413 1209 2476 enim

91 2529 168 2577 sana
189 2513 355 2578 sentientes
377 2511 581 2576 contradicere
595 2511 684 2576 rebus
700 2512 806 2577 stultis
821 2511 974 2577 stultitiae
989 2531 1054 2578 esse
1068 2513 1203 2580 maioris.

51 2633 192 2682 aosermo
213 2635 285 2680 cunr
306 2617 354 2680 bis
376 2615 464 2679 nobis
486 2616 542 2694 est,
566 2615 619 2696 qni
635 2615 775 2679 diuinum
791 2633 856 2680 esse
872 2615 1094 2682 eonsentientes
1109 2620 1252 2698 genusii

91 2720 130 2784 de
152 2719 320 2784 maioribus
335 2719 490 2796 dubitant,
513 2736 583 2782 cum
604 2718 686 2782 idem
702 2736 766 2782 esse
788 2718 907 2800 plebeia
929 2721 1020 2801 atque
1039 2718 1205 2784 humiliora

90 2823 254 2886 fateantur.
297 2821 370 2903 qnid
399 2839 485 2904 ergo,
522 2839 570 2885 res
599 2821 701 2885 tantas
730 2821 921 2902 argumentis
951 2822 1084 2886 nitemur
1113 2823 1204 2904 atque

88 2925 315 2991 elaborabimus
338 2924 496 2988 obtinere?
519 2922 656 2988 discedat
677 2923 751 2988 baec
766 2925 857 3007 longe
880 2926 971 3006 atque
993 2924 1114 2989 anobis
1136 2942 1207 3007 pro-

91 3030 153 3110 cul,
174 3027 281 3110 procul
302 3027 437 3110 inquam,
460 3028 496 3092 nt
520 3026 641 3104 dicitnr,
665 3028 883 3092 auerruncetur
906 3027 1051 3121 amentia.
1082 3028 1147 3094 tam
1162 3029 1209 3094 est

42 3131 177 3197 -asonim
210 3130 417 3214 periculosum
447 3129 636 3214 argumentis
664 3129 790 3212 adgredi
818 3130 909 3193 deum
938 3129 1107 3211 principem
1136 3148 1208 3195 con·

92 3234 220 3315 probare
250 3219 344 3316 guam
371 3221 490 3298 ratione
516 3231 693 3297 huiusmodi
715 3250 781 3296 esse
803 3232 894 3298 illurn
916 3231 997 3298 uelle
1020 3249 1207 3316 cognoscere.

92 3355 148 3402 nec
164 3336 333 3418 quicquam
360 3319 464 3402 refert'
481 3336 535 3400 ant
563 3335 730 3416 discrepat,
762 3335 905 3400 utrumne
920 3353 1020 3418 ,neges
1049 3334 1139 3400 illurn
1169 3355 1208 3401 au

92 3439 209 3505 asterus
231 3440 323 3522 atque
345 3439 473 3504 existere
494 3437 630 3517 fatearis,
655 3457 725 3503 enm
746 3438 779 3503 in
801 3439 908 3503 eadem
931 3439 1021 3521 culpa
1042 3438 1084 3504 eit
1099 3440 1130 3503 et
1153 3439 1207 3502 ad·

91 3542 186 3608 sertio
208 3543 283 3607 talis
296 3542 348 3607 rei
371 3544 402 3606 et
424 3542 585 3626 abnegatio
607 3541 784 3606 refutatoris
807 3540 966 3606 increduli.
1004 3541 1207 3622 quisquamne
1219 3540 1258 3604 33

47 3670 81 3710 ao
92 3647 141 3709 est
162 3645 332 3723 bominum,
355 3645 407 3728 qui
423 3663 483 3709 non
499 3663 569 3709 cum
584 3629 680 3710 istius'
695 3643 843 3726 principis
858 3644 980 3710 notione
995 3643 1076 3710 diem
1091 3643 1208 3726 primae

94 3747 269 3814 natiuitatis
302 3748 487 3813 intrauerit?
524 3749 572 3812 oui
599 3766 659 3812 non
687 3747 729 3812 sit
755 3747 945 3830 ingenitum,
976 3763 1034 3811 non
1063 3745 1207 3830 adfixum,

90 3850 190 3916 immo
205 3851 302 3934 ipsius
328 3848 333 3936 l
358 3869 452 3931 paene
470 3849 503 3914 in
517 3849 706 3934 genitalibus
728 3849 837 3914 matris
860 3867 920 3913 non
933 3849 1126 3932 impressum,
1149 3867 1208 3914 non
1218 3860 1235 3912 f.
1245 3862 1278 3911 12

126 4071 143 4124 3
169 4085 271 4140 expers,
298 4085 386 4138 expers
413 4069 635 4123 Kimomcooae:
662 4083 751 4137 expers
775 4067 801 4122 P
936 4069 953 4121 4
976 4068 1063 4135 potest
1087 4065 1142 4122 Sub

95 4158 186 4210 ltu⁰s
204 4156 232 4210 P
368 4157 400 4209 12
417 4166 464 4210 no¹¹
482 4156 510 4209 P
641 4154 672 4207 17
691 4154 819 4222 impetum
839 4154 867 4206 P
995 4153 1099 4208 nolimu
1117 4154 1144 4206 P

92 4244 127 4296 22
149 4253 186 4295 'es
204 4243 231 4295 P
349 4243 382 4297 23
399 4241 591 4296 elaborauimus
610 4242 637 4294 P
653 4255 715 4294 corr
833 4239 868 4292 24
889 4241 1093 4293 aneroruucetnr
1115 4255 1211 4294 meaos

92 4329 251 4410 captiosam
264 4328 291 4380 P
374 4327 439 4395 tani]
452 4327 491 4380 ita
504 4327 556 4380 Sub
639 4326 672 4379 32
684 4324 769 4394 ipius
780 4324 892 4392 smlpsi:
910 4323 1077 4392 ipsiPipsis
1094 4324 1142 4379 Get

92 4431 193 4484 paenae
212 4416 237 4468 P
