2888 5008
235 501 298 567 272
537 497 684 554 Arnobii
707 499 868 557 aduersus
887 500 1044 553 notiones
1154 477 1157 484 ¹

236 678 306 736 mus
327 669 475 754 inspicere
496 668 659 736 formidine
681 671 908 755 superstitionis
936 671 1039 736 amota
1066 671 1099 736 et
1125 669 1357 754 gratificatione

236 774 382 858 deposita,
405 776 552 840 utrumne
572 774 606 839 hi
628 774 672 840 dii
693 775 757 840 sint
778 791 854 860 quos
875 774 992 841 saeuire
1013 773 1200 839 adseueratis
1220 773 1356 838 offensos

235 877 381 960 reddique
408 877 568 944 saonfloiis
597 877 689 944 mites
718 893 758 944 an
784 877 847 944 sint
868 879 959 962 longe
980 877 1065 943 aliud
1087 877 1120 942 et
1142 877 1180 942 ab
1202 875 1302 941 huius·
1321 876 1356 938 ni

235 980 367 1046 debeant
396 983 427 1046 ot
456 979 589 1046 nominis
617 981 648 1046 st
676 979 834 1064 potentiae
863 980 1028 1065 segregari.
1065 995 1126 1045 non
1155 979 1239 1044 anim
1269 979 1357 1045 imus

235 1082 365 1163 inlitas,
393 1083 427 1148 in
448 1083 607 1149 annalium
633 1082 756 1166 scriptis
784 1082 936 1150 contineri
957 1083 1032 1148 haec
1053 1082 1157 1148 omnia
1178 1099 1258 1165 qnae
1282 1086 1387 1148 sonis

236 1186 364 1252 anobis
385 1186 417 1250 in
439 1185 630 1270 oppositione
651 1185 784 1268 prolata:
814 1202 887 1252 nam
907 1187 939 1252 et
960 1185 1020 1268 ipsi
1041 1203 1097 1268 pro
1117 1185 1242 1251 modulo
1266 1186 1358 1270 ingo·

235 1287 339 1371 niique
365 1307 420 1371 pro
452 1292 545 1372 capto
573 1289 605 1354 ct
630 1289 764 1372 legimns
792 1289 824 1355 et
852 1305 917 1355 esse
943 1289 1078 1374 positum
1107 1289 1237 1367 scimus,
1273 1289 1358 1354 lunis

235 1391 389 1475 quondam
416 1391 491 1474 ipsis
520 1391 720 1472 circensibus,
749 1391 802 1474 qui
823 1390 892 1456 Ioui
913 1391 1047 1457 mammo
1069 1390 1190 1470 flerent,
1214 1393 1359 1473 patrem·

235 1493 370 1559 familias
386 1495 547 1576 quandam
570 1496 734 1580 antequam
748 1495 916 1577 inciperent
931 1511 979 1560 res
995 1494 1057 1580 agi,
1080 1510 1204 1560 seruum
1220 1495 1359 1578 pessime

236 1597 383 1662 meritum
410 1615 465 1680 por
492 1598 567 1664 circi
593 1616 696 1663 aream
723 1597 855 1664 modum
878 1597 1084 1662 transduxisse
1105 1613 1230 1663 caesum
1253 1598 1389 1684 nirg'isu

136 1713 154 1765 a.
167 1701 245 1782 noae!
272 1700 304 1763 et
326 1718 361 1764 ex
382 1716 465 1764 more
486 1699 634 1766 multasse
655 1702 725 1785 post
746 1699 880 1784 patibuli
901 1717 1008 1782 poena.
1042 1699 1125 1765 ludis
1146 1699 1219 1766 dein
1240 1701 1357 1766 tarmi-

233 1801 315 1866 uatis
336 1801 568 1886 profligatisque
591 1802 750 1869 curriculis
772 1819 831 1868 non
852 1803 946 1868 molti
966 1804 1036 1886 post
1050 1803 1203 1887 temporis·
1213 1803 1358 1886 spatium

234 1904 393 1971 ciuitatem
422 1905 572 1987 occepisse
599 1905 778 1988 pestilentia
804 1907 935 1985 uastari,
969 1916 1100 1988 cumque
1130 1907 1197 1971 dics
1226 1905 1359 1972 adderet

234 2008 353 2072 malum
374 2006 456 2073 malo
478 2009 614 2092 manius,
638 2009 820 2074 cateruatim
835 2011 867 2074 et
881 2009 1013 2092 populns
1026 2007 1178 2086 interiret,
1200 2008 1358 2074 rusticulo

235 2109 356 2176 ouium
378 2112 459 2177 sorte
481 2110 673 2177 humilitatis
693 2111 822 2177 obscuro
835 2110 943 2176 Ionsm
957 2124 1011 2193 per
1024 2111 1213 2176 insomnium
1228 2110 1388 2190 discissae

234 2210 282 2276 uti
304 2213 343 2277 sd
365 2215 503 2279 consules
525 2214 661 2293 undaret,
682 2213 855 2296 praesulem
871 2213 931 2278 sibi
947 2207 1140 2296 displicuisse
1154 2218 1356 2298 monstrarint,

234 2331 322 2398 posse
343 2315 456 2382 molius
477 2315 544 2381 fieri
566 2316 699 2395 ciuitati,
721 2317 748 2381 si
770 2316 854 2382 ludis
876 2335 931 2382 sua
945 2316 1053 2400 religio
1068 2317 1248 2384 reldmtnr
1263 2319 1299 2384 at
1320 2325 1357 2384 ei

234 2419 356 2501 integro
386 2437 492 2484 rursus
526 2419 647 2486 curiosa
679 2419 891 2485 obseruatione
923 2419 1129 2502 procederent.
1166 2420 1248 2503 qnod
1284 2439 1357 2487 cum

234 2520 291 2586 ille
311 2521 410 2587 iacere
431 2521 559 2587 minime
580 2523 726 2602 curasset,
749 2523 800 2586 uel
822 2521 903 2604 qnod
924 2539 989 2588 osse
1011 2539 1127 2587 nonum
1142 2523 1356 2606 suspicaretur

234 2624 422 2689 insomnium
452 2623 632 2707 nullamouo
659 2623 838 2689 habiturum
872 2623 953 2707 apud
988 2625 1146 2691 audituros
1178 2625 1275 2690 fluam
1305 2627 1385 2692 unu

234 2727 316 2810 quod
337 2725 492 2812 ingenitae
513 2725 704 2792 humilitatis
726 2742 845 2792 memor
864 2727 1028 2811 potestatis
1047 2728 1156 2793 tantos
1177 2727 1304 2814 fugeret
1325 2733 1355 2796 ct

235 2830 415 2896 formidaret
430 2833 593 2910 aocffls'um,
617 2829 787 2896 omctatori
802 2829 959 2895 redditum
972 2829 1133 2896 inimicum
1147 2831 1255 2895 Ionem
1272 2829 1354 2897 tillo·

234 2951 305 2998 rum
327 2933 429 2998 obitus
449 2933 639 3017 inrogauissc
660 2941 714 3015 pto
735 2926 842 3016 poena.
865 2949 935 2997 mox
958 2949 1029 2998 cnm
1050 2935 1083 2998 et
1110 2933 1170 3016 ipsi
1191 2935 1354 3018 proprium

235 3034 407 3100 minaretur
433 3034 611 3119 interitum,
639 3035 672 3100 ui
699 3034 849 3116 praesulis
870 3039 1010 3119 pergerat
1033 3036 1162 3101 nuntius
1184 3036 1354 3119 inprobati,

235 3138 367 3204 obeundi
400 3137 562 3203 formidine
597 3135 793 3217 territatum,
830 3150 901 3203 cum
933 3137 998 3202 iam
1031 3138 1063 3202 et
1094 3138 1160 3221 ipse
1191 3139 1383 3206 contaotnsn

235 3238 433 3325 pestilentiae
454 3238 599 3324 flagraret
620 3238 771 3319 incendio,
793 3238 831 3304 de
852 3239 1007 3305 sententia
1027 3241 1271 3324 propinquorum
1286 3254 1355 3326 per-

235 3343 336 3409 latum
359 3341 397 3406 al
420 3341 538 3406 curiam
560 3341 684 3424 patrum
707 3340 902 3423 insomnique
923 3341 1060 3425 exposite
1078 3342 1197 3408 uisions
1210 3343 1355 3411 maumas

236 3444 407 3510 euolauisse
435 3442 583 3526 contagii:
617 3443 760 3508 ludorum
788 3442 899 3508 deinde
924 3437 1149 3510 instauratione
1177 3446 1306 3514 decretu
1324 3449 1356 3514 et

235 3545 420 3630 spoctaoulis
449 3544 624 3611 adhibitam
653 3561 782 3629 manem
812 3553 918 3610 curam
939 3547 970 3610 et
991 3546 1125 3628 priorem
1147 3549 1269 3632 popule·
1286 3555 1356 3617 reol-

237 3650 335 3717 ditom
357 3648 533 3714 sanitatem.
1365 3673 1387 3712 a

336 3801 405 3854 a-4
422 3822 455 3848 =
472 3800 532 3866 277,
550 3799 652 3854 11-14
750 3797 818 3852 4-7
836 3821 869 3847 =
886 3799 945 3866 277,
962 3801 1053 3856 8-11.

270 3919 344 3974 alii
361 3920 389 3974 P
494 3919 579 3973 senire
597 3921 625 3974 P
728 3919 833 3976 3lndis
854 3923 882 3975 at
899 3921 1034 3977 sacrificiis
1058 3923 1110 3978 Uro
1213 3924 1311 3980 mitaes
1330 3926 1358 3979 P

237 4015 298 4060 sorr
382 4005 510 4061 noceant
526 4007 625 4062 Pom
708 3991 937 4062 rmuasanoasn'
1018 4008 1168 4078 erogemus·
1182 4009 1246 4066 uase
1263 4011 1356 4066 auam

237 4095 265 4146 et
286 4092 339 4147 Uro
465 4088 665 4147 metesscP
787 4094 875 4161 posita
898 4093 948 4148 Uoc
1071 4095 1288 4150 11mu10asser

237 4193 348 4246 poenam
365 4176 418 4232 sao
537 4178 599 4233 dein
615 4179 765 4234 terminatis
783 4174 1001 4234 Kiaetmcoooa:
1018 4178 1111 4234 deiude
1129 4175 1315 4236 interminatis
1330 4183 1359 4238 P

238 4261 627 4321 deindeismtermInatisSob
721 4255 974 4333 13'epestilentiaP
1064 4266 1096 4320 16
1107 4267 1217 4322 ualeret
1229 4264 1354 4339 nepsam,
1428 4335 1429 4340 η

244 4347 487 4403 Ura:snaderet1'
594 4349 627 4404 17
640 4348 746 4405 ciuitati
757 4348 826 4404 Sul.-
843 4339 1016 4406 ciuitatisP'
1081 4351 1130 4428 *23
1148 4356 1175 4408 et
1193 4355 1277 4424 (eros)
1297 4373 1357 4412 cum

239 4433 267 4484 aa
284 4430 312 4483 P
416 4431 451 4486 24
467 4434 599 4501 proauos
617 4436 645 4489 P
661 4449 722 4490 aar
738 4438 761 4488 Ρ
862 4434 896 4492 25
912 4437 1035 4491 oratum
1052 4437 1080 4491 Ρ
1096 4441 1159 4494 coer
1261 4429 1297 4496 at
1313 4445 1355 4498 m-

239 4515 386 4585 somniique
404 4515 458 4572 aaa
